2917 4684
725 631 957 708 ..ῃ-ιι

403 822 527 881 sionem
549 822 768 902 exscripsisse,
792 831 872 900 quae
892 830 1021 895 tentum
1044 815 1173 895 abipso
1196 817 1294 879 dista

391 915 471 1008 bet,
508 947 663 1014 quantum
690 935 806 994 lumen
833 954 852 995 a
879 932 1042 1006 tenebris,
1076 929 1158 989 N..T
1188 932 1292 991 aVe·

399 1057 479 1120 tere,
503 1057 534 1105 et
553 1044 682 1126 spiritus
702 1064 721 1104 a
742 1043 890 1106 litteris.'’
911 1075 955 1088 -
976 1056 1010 1106 et
1032 1043 1112 1103 “ubi
1133 1043 1293 1102 Matthaei

399 1140 727 1218 verbe'conseutiunt
749 1175 827 1217 cum
848 1158 995 1217 versione
1015 1154 1136 1217 LXX..
1164 1151 1199 1215 id
1220 1168 1290 1214 non

400 1269 507 1330 'studio
530 1282 562 1329 et
581 1269 778 1346 imitatione,
802 1270 852 1330 vel
873 1265 1101 1347 descriptione,
1123 1266 1181 1326 sed
1203 1287 1288 1340 casu,

399 1381 451 1438 vel
481 1385 518 1440 ut
544 1380 723 1442 secundum
751 1380 817 1442 Dei
848 1378 983 1438 verbum
1007 1373 1147 1456 loquar,
1176 1376 1288 1441 divino

397 1477 443 1553 ita
465 1474 606 1554 dictante
628 1493 745 1574 spiritu
766 1495 812 1554 ita
831 1493 953 1552 fectum
969 1489 1143 1551 ‘est.”*vid.
1167 1489 1288 1552 Suren-

397 1607 488 1668 'husii
513 1601 599 1687 βιβλ.
622 1605 910 1682 καταλλαγης.
940 1608 1144 1687 p.179.187.
1195 1601 1289 1664 Idem

397 1720 526 1798 saepius
552 1719 711 1796 affirmet,
742 1714 958 1797 Evangelistas
978 1715 1203 1778 Demosthene
1224 1716 1287 1778 ele·
1327 1729 1330 1732 ’

399 1833 528 1912 gentius
551 1832 724 1912 scripsisse.

481 2113 699 2196 Allegetiones
734 2112 892 2176 Matthaei
927 2113 1049 2192 partim
1068 2118 1286 2197 'consentiunt

397 2249 476 2292 cum
505 2240 596 2288 textu
629 2227 783 2289 hebreico
815 2237 849 2286 et
877 2233 1028 2295 versione
1055 2221 1285 2312 Alexandrina,

398 2343 596 2407 verbotenus
618 2342 712 2412 hanc
728 2342 849 2423 quippe
873 2359 1064 2426 sequentes,
1098 2346 1216 2424 partim
1237 2344 1286 2409 di.-

391 2466 547 2534 ¹screpant
576 2454 616 2514 ab
645 2465 802 2533 utroque,
849 2436 986 2534 partim,
1030 2459 1212 2519 versionem
1234 2460 1285 2520 At.

394 2580 585 2649 sequentes,
606 2564 786 2626 abhorrent
808 2583 827 2641 a
846 2580 935 2630 textu
956 2569 1127 2649 originali.
1178 2572 1286 2634 Verba

396 2691 509 2745 tamen
531 2677 704 2753 hebraica,
736 2700 755 2739 a
778 2681 925 2742 versione
946 2681 1035 2741 Alex.
1058 2681 1283 2764 discrepantia,

396 2811 569 2882 nunquam
590 2803 783 2874 sequuntur.

481 3087 509 3134 1.
531 3071 735 3155 Evangelista
764 3087 797 3134 et
826 3092 902 3135 cum
931 3070 1042 3133 verbis
1064 3074 1225 3141 hebreicis
1253 3098 1285 3144 et

392 3202 472 3249 cum
502 3187 654 3248 versione
683 3185 787 3250 LXX.
824 3186 967 3251 in'locis
994 3187 1074 3249 vff.
1110 3193 1283 3255 recitandis

394 3320 609 3376 consonans,
630 3312 687 3360 eut
716 3302 785 3380 ipse
811 3311 935 3361 textum
963 3298 1157 3362 hebraicum
1179 3306 1281 3383 vertit,

394 3427 450 3473 eut
478 3430 632 3496 graecum
667 3423 821 3490 sequutus
850 3423 899 3469 est
928 3415 1057 3488 (utrum
1082 3418 1280 3496 memoriter,

394 3537 525 3598 ennon,
546 3525 634 3586 infra
656 3521 861 3600 videbimus).
918 3525 991 3584 Iam
1011 3546 1102 3603 vero,
1125 3530 1153 3590 si
1176 3531 1280 3603 vertit,

394 3631 556 3716 quomodo
575 3634 661 3696 viisri
683 3636 804 3714 potuit,
840 3648 878 3696 ut
898 3638 1092 3704 verbotenus
1113 3659 1191 3705 ,eum
1212 3659 1280 3701 ver-

392 3749 484 3810 sione
506 3743 726 3810 Alexandrina
753 3750 971 3830 consentiret?
