2917 4684
525 436 760 507 ..55-

179 622 329 688 -Iudaeos
350 621 488 684 Messias
508 637 631 680 munus
661 618 803 682 docendi
826 623 979 687 tribuisse
1001 626 1085 689 ridi-

191 757 282 808 mus;
319 734 426 816 legem
447 744 557 794 tamen
578 731 758 794 Mosaicatn
783 734 924 797 minime
951 737 991 799 ab
1013 742 1092 820 ipso,

191 851 384 930 abrogatum
405 845 450 906 iri
471 842 576 904 iidem
596 843 830 908 existimabant.
876 848 962 926 Quia
975 854 1084 933 potius
1185 863 1190 908 ’,

189 981 229 1024 ex
240 957 396 1040 neglectis
410 956 493 1037 legis
510 953 641 1020 divinae
656 958 834 1037 praeceptis
847 974 979 1039 peccata
991 965 1084 1024 nasci

130 1121 137 1128 .
176 1070 359 1152 putabant,
381 1065 541 1145 maleque,
566 1085 647 1146 quae
665 1067 727 1128 sibi
739 1069 939 1143 accidebant,
956 1090 1079 1151 poenas

190 1201 251 1263 pro
284 1181 425 1262 peccatis
457 1175 622 1262 solvendas
654 1176 842 1256 habebant,
884 1201 954 1246 non
980 1183 1081 1245 modo

177 1292 286 1370 haec,
325 1289 383 1354 sed
410 1289 482 1354 illas
512 1308 639 1370 quoque
659 1309 717 1370 per
738 1291 894 1358 Messiam
918 1263 1081 1360 sublatum

179 1407 230 1468 iri
249 1405 393 1486 persuasi
415 1414 525 1476 erent,
560 1401 659 1483 idque
686 1422 755 1464 non
775 1417 883 1467 morte
903 1406 1004 1487 ipsius
1027 1427 1082 1468 ero
1132 1452 1135 1456 -

185 1519 342 1600 pictoria,
371 1511 427 1576 sed
454 1514 544 1579 cultu
565 1512 680 1592 Iovae,v
712 1532 788 1574 vero
811 1514 871 1576 illo
894 1531 926 1586 et
947 1519 1079 1587 sincero

185 1632 224 1691 in
245 1642 414 1690 aeternum
436 1624 581 1714 fundato.
615 1622 684 1685 Hic
706 1625 796 1684 enim
817 1629 963 1687 muueris
984 1628 1073 1690 Mes·
1100 1601 1116 1656 ¹*

187 1742 255 1811 siae
275 1739 458 1821 prophetici
471 1749 548 1804 'erat
568 1736 652 1804 finis.
676 1736 766 1798 Hinc
786 1737 895 1816 ipsum
916 1754 975 1800 τον
993 1738 1082 1800 inor

67 1857 69 1862 ’
184 1849 254 1913 ἀπο
274 1867 345 1912 των
364 1845 543 1925 &scapnam
570 1846 688 1914 σωᾶειν
714 1844 878 1927 putabant,
902 1847 1033 1927 (Matth.
1050 1864 1079 1927 ι,

185 1969 249 2041 21.)
294 1963 465 2042 Eliamque
505 1974 539 2022 et
578 1959 730 2020 Moesiam
774 1959 935 2040 populum
979 1959 1081 2042 bapti-

182 2075 286 2138 zando
307 2079 448 2154 peccatis
472 2059 665 2157 purgaturos
704 2085 736 2134 et
763 2071 805 2131 ad
834 2071 959 2138 cultum
981 2073 1079 2140 lovan

182 2189 293 2252 denuo
316 2203 497 2250 sacraturos
521 2207 590 2250 esse
610 2165 666 2261 (Io.
681 2199 713 2259 1,
737 2187 812 2266 25.).
858 2185 968 2264 Quare
989 2184 1078 2247 Iesus

180 2304 250 2384 ipse
273 2309 388 2366 πᾶσαν
411 2302 628 2375 δικαιοσυνην
657 2295 838 2372 stipor-rom
862 2311 988 2371 πρεπον
1019 2298 1076 2360 ha-

179 2417 280 2491 bens,
301 2415 333 2474 h.
358 2433 384 2490 e.
407 2430 619 2496 quaecunque
641 2406 763 2466 Iudaei.
778 2424 798 2466 a
814 2382 938 2470 ‘Meuia
960 2421 1074 2491 exspe.

182 2528 326 2603 etabant,
367 2543 405 2596 ut
443 2546 504 2606 por
528 2544 562 2584 se
596 2533 665 2584 rata
700 2519 783 2579 fiant
807 2539 942 2594 curans,
983 2521 1077 2582 hunc

181 2659 308 2722 quoque
331 2637 528 2700 initiationis
550 2634 650 2695 subiit
670 2631 772 2688 ritum
799 2629 931 2704 (Matth.
944 2641 983 2710 3,
1008 2632 1073 2712 15).

177 2755 265 2817 Num
293 2751 449 2814 Messinm
481 2749 589 2827 ipsum
623 2742 690 2823 legi
709 2741 875 2825 Moesicae
905 2741 1073 2806 subditum

177 2869 247 2930 fore
274 2865 443 2949 putabant.

173 3141 178 3146 -
261 3094 354 3157 Haec
374 3094 454 3168 fere,
476 3107 681 3172 quaecunqee
703 3086 903 3148 Iudaeorum
927 3084 1068 3151 deMes.

173 3212 224 3272 sia
246 3195 346 3282 fuisse
371 3201 732 3288 placita-Euangelistae
753 3217 815 3257 nos
838 3193 975 3274 docent,
1008 3199 1067 3262 ha.

174 3323 281 3389 benda
303 3338 396 3401 sunt,
431 3317 546 3400 quibus
571 3311 669 3402 haec¹
691 3303 916 3372 tantummodo
946 3304 1067 3373 addere

39 3455 43 3461 “
170 3439 262 3500 licet:
294 3423 429 3498 Iudaeos
457 3429 566 3494 Eliam
594 3425 738 3486 aliumve
769 3417 960 3501 prophetam
980 3397 1067 3491 Me}-
1093 3414 1096 3429 ¹

169 3555 237 3615 siae
260 3563 499 3612 antecessorem
528 3538 680 3642 habuisse
703 3532 990 3635 (Matth.r7,s10,
1014 3549 1064 3604 11.

168 3679 209 3728 ot.
234 3665 311 3748 (η,
334 3658 410 3760 42.)
452 3645 735 3732 Luc.1„16.-17.
781 3649 930 3732 (9,3o.)
974 3646 1062 3728 Iar,
