2917 4684
60 1197 63 1272 l

514 613 763 680 ...w

191 790 297 852 vertis
363 791 472 872 Quam
502 792 635 874 quidem
658 793 816 857 Matthaei
844 797 1025 860 versionem
1055 805 1089 864 si·

193 903 427 966 contulerimus
442 924 517 966 cum
531 904 754 970 Alexandrina
767 906 818 970 Ps.
831 921 892 985 22,
909 925 937 971 1.
960 925 1085 976 utram-

190 1029 251 1094 que
274 1037 291 1076 a
314 1018 513 1080 seinvicem
536 1018 783 1100 discrepantem
811 1021 967 1085 videmus.
998 1027 1084 1087 Mat.

190 1126 305 1190 thaeus
340 1130 400 1192 hia
435 1134 603 1212 autoribus
636 1131 737 1198 LXX.
776 1155 846 1198 non
873 1134 1082 1213 dictantibus,

193 1245 299 1321 vertit,
330 1257 444 1328 terque
467 1247 508 1307 ab
529 1243 647 1308 iisdem
673 1244 825 1339 discedit.

268 1429 420 1512 Reliquas
444 1433 603 1496 Matthaei
626 1435 849 1517 allegationes,
870 1453 980 1514 neque
1003 1455 1081 1500 cum

180 1541 292 1617 ¹verbis
320 1543 412 1610 hebr.
444 1568 553 1630 neque
580 1567 656 1608 cum
680 1550 828 1607 versione
849 1545 937 1606 Alex.
963 1565 1077 1623 conso-

183 1665 310 1728 nantes,
339 1634 507 1736 sigillatim
537 1657 654 1720 afferre
684 1675 803 1736 operae
831 1656 976 1737 pretium
1005 1675 1078 1737 nou

185 1778 248 1841 est,
269 1768 400 1852 'quippe
421 1787 502 1849 quae
523 1789 581 1849 per
602 1789 636 1830 se
658 1782 815 1848 spectatae
837 1781 981 1828 nostram
1001 1752 1075 1827 sen·¹
1144 1835 1147 1841 ,

182 1881 322 1939 tentiam
349 1881 485 1960 probare
505 1900 577 1940 non
598 1893 747 1961 possunt,
785 1881 914 1940 etiamsi
935 1897 982 1939 crv
995 1898 1075 1942 vers.

182 1983 250 2050 ’των
270 1989 372 2052 LXX.
396 2015 447 2054 eas
474 1993 606 2054 fluxisse
648 1993 765 2075 negari
791 2005 938 2074 nequeat.
983 1994 1075 2054 Vidi-

180 2081 380 2179 musenim,
416 2106 652 2187 allegationum
675 2126 770 2187 supra
799 2106 969 2166 allatarum
997 2107 1072 2165 alias

180 2205 486 2302 >verbotenus'cum
512 2221 663 2280 versione
685 2221 776 2280 Alex.
808 2231 839 2279 et
867 2230 955 2279 textu
977 2192 1071 2278 hebr.

180 2329 368 2405 consonare,
392 2331 479 2407 alias,
501 2331 565 2391 hoc
586 2333 746 2414 neglecto,
768 2332 858 2389 illam
879 2332 986 2408 sequi,
1009 2351 1068 2389 ne-

181 2463 243 2522 que
264 2460 345 2522 quae
365 2443 516 2504 versione
532 2445 622 2505 Alex.
645 2442 797 2525 neglecta
822 2455 946 2502 textum
969 2444 1070 2526 origiss

179 2554 289 2615 nalem
311 2558 377 2616 sint
397 2566 569 2634 sequutae,
593 2573 668 2615 vere
689 2568 829 2617 exstare.¹
870 2607 876 2614 .

186 2711 191 2725 '
259 2742 332 2801 nm
354 2735 453 2820 apua
468 2721 523 2800 me
547 2739 624 2815 eat,
643 2725 693 2800 'ex
712 2739 788 2820 ipss
808 2738 967 2802 Matthaei
988 2738 1066 2800 uu.

175 2840 362 2938 petionibus
376 2872 452 2914 cum
474 2871 553 2918 vers.
582 2851 671 2912 Alex.
691 2853 823 2932 collatis,
846 2871 927 2934 quae
940 2869 1065 2912 memo·

174 2971 269 3060 riter,
292 2986 434 3048 quaeque
444 2985 515 3026 non
535 2948 723 3026 memoriter
745 2968 811 3028 sint
822 2969 977 3049 prolatae,
1001 2964 1066 3026 col-

173 3083 286 3164 ligere.
330 3079 383 3142 Aa
401 3098 454 3138 res
475 3079 576 3157 ipsas,
600 3097 674 3155 quas
698 3092 845 3162 tangunt,
868 3083 895 3142 si
915 3094 1065 3158 respexe-

172 3198 292 3267 rimus,
316 3193 387 3253 illas
412 3190 622 3266 (memoriter
643 3209 765 3269 nempe
788 3193 957 3265 recitatas)
980 3207 1062 3268 quae
1140 3166 1164 3241 ’.

169 3307 397 3390 Evangelistae
426 3302 587 3362 memoria
620 3315 772 3381 poterant
799 3301 967 3374 recolere,
1002 3299 1061 3360 has

168 3409 380 3500 (memoriter
392 3434 461 3488 non
476 3415 632 3496 prolatas)
654 3405 835 3475 recentiora
856 3413 1061 3494 plerumque,

166 3507 253 3620 iquae
275 3550 333 3614 per
350 3528 644 3598 Christianismum
665 3529 882 3600 advenerant,
906 3538 1062 3604 spectatu-

163 3668 222 3710 ras
248 3642 439 3706 videbimus.
488 3640 670 3701 ‹Memoria
697 3637 829 3722 quidem
851 3638 986 3721 quisque
1007 3637 1061 3698 lu·

163 3761 330 3820 dacorum
358 3769 483 3834 poterat
507 3755 651 3820 recolere
674 3753 762 3814 locos
785 3754 891 3829 V.T.‚
914 3749 1062 3832 dogmata

174 3873 213 3936 de
241 3871 378 3946 Massia,
414 3866 519 3949 qualia
546 3885 642 3950 supra
671 3866 819 3947 exposui,
856 3883 962 3948 neque
993 3882 1064 3926 nou

802 3989 829 4060 4
