2917 4684
348 469 698 579 ‘'...652

143 682 258 748 Iudaei
288 689 444 769 putebant
451 711 461 763 3
506 711 545 755 ex
578 694 709 755 desertis
752 693 849 756 ilium
885 691 1029 775 proditu·

143 815 218 860 rum
240 820 321 875 esse,
345 822 430 864 nove
450 818 519 866 erat
539 808 717 884 sententie,
740 825 821 888 quae
842 828 880 868 ex
900 826 937 866 re
958 806 1028 886 ipse

143 909 228 973 fecte
249 919 351 977 veteri
372 922 441 999 spei
461 919 645 986 addebatur.
689 921 800 1000 Quare
813 923 924 982 locum
945 916 1025 978 v.T.

142 1029 361 1092 recentiorem
381 1033 473 1094 illum
493 1037 688 1098 sententiam
709 1048 919 1117 spectantem,
942 1033 1027 1093 Mat-

143 1135 271 1218 thaeus,
303 1143 452 1226 Marcus,
481 1147 586 1210 Lucas
608 1150 800 1210 memoriter
819 1167 890 1209 non
912 1146 1029 1227 ellege-

143 1265 233 1316 runt.
276 1256 392 1338 Lucas,
414 1279 496 1340 quae
517 1262 554 1322 in
574 1259 634 1320 Ies.
658 1253 727 1343 capss
741 1262 872 1323 laudato
886 1277 1027 1339 sequun-

141 1375 197 1424 tur
219 1370 326 1449 verbs,
348 1387 502 1455 tanquam
524 1374 690 1437 adfinem
712 1393 809 1435 suum
819 1371 1024 1456 pertinentia.

144 1477 333 1546 verbotenus
355 1506 394 1548 ex
405 1491 553 1549 versione
570 1488 789 1550 Alexandrina
807 1484 933 1564 alleget.
959 1482 1023 1542 vid.

139 1587 220 1651 Luc.
236 1609 273 1678 3,
296 1609 327 1677 5.
350 1601 447 1657 πασα
459 1599 609 1679 prepare
628 1612 667 1659 ct.
683 1611 724 1660 ct.
749 1598 820 1659 coll.
848 1595 910 1661 Ies.
922 1609 974 1678 40,
991 1609 1022 1677 5.

138 1717 171 1763 et
191 1724 233 1785 sq.
277 1708 348 1769 Iam
368 1712 479 1790 quaeri
498 1714 605 1792 possit,
630 1730 689 1771 cur
702 1711 927 1792 Evangelistae
948 1727 1022 1788 prot

138 1811 274 1879 εὐθειας
286 1833 400 1884 norme
424 1837 487 1884 ras
505 1822 640 1902 τριβους
661 1837 723 1884 του
743 1821 827 1883 Seov
846 1818 941 1899 ἡμων
966 1838 1024 1900 po·

138 1928 265 1992 suerint
292 1947 354 1997 tas
380 1933 516 2016 τριβους
537 1933 646 2000 αὐτου
669 1957 714 1998 sc.
743 1951 872 2012 κυριου.
916 1932 1025 1994 verba

135 2039 209 2104 loco
229 2043 353 2110 Ieseiae
381 2047 422 2110 ad
442 2051 553 2112 Iovem
580 2052 698 2126 relata,
725 2050 778 2111 illi
804 2047 844 2110 ad
867 2049 1023 2111 Messium

135 2153 302 2232 referunt,
337 2180 435 2242 quem
475 2139 550 2223 cum
571 2163 643 2222 Deo
672 2163 806 2244 pecteris
834 2161 1023 2221 hominibus

135 2269 255 2330 arctius
278 2273 409 2353 quidem
431 2276 659 2349 coniunctum,
688 2289 761 2331 non
781 2285 890 2332 autem
910 2272 1022 2331 Deum

134 2376 245 2456 ipsum
268 2381 439 2448 habebant.
483 2387 533 2448 cf.
556 2398 667 2445 tamen
687 2381 809 2458 Io.20‚
832 2391 882 2460 28.
925 2383 1022 2444 Ioan-

134 2508 215 2570 nem
244 2493 362 2577 dogma
396 2499 437 2560 de
466 2500 577 2561 divina
604 2499 680 2560 Iesu
713 2508 830 2558 nature
856 2497 1018 2577 prioribus

136 2600 351 2690 Evangelistis
373 2611 545 2674 sublimius
568 2611 758 2685 excoluisse,
782 2620 912 2674 constat

209 2862 245 2943 ὃ)
267 2865 425 2950 Matth.4,
450 2864 480 2931 6.
666 2867 706 2928 ci.
731 2864 852 2952 Ps.91,
877 2884 927 2932 11.

136 2946 209 3009 ‘Ort
236 2964 302 3012 roes
321 2949 476 3032 ἀγγελοις
504 2948 566 3014 αὑ·
581 2950 612 3015 οἱ
633 2949 653 3012 ό
673 2951 799 3013 addunt
819 2955 923 3016 verbis
942 2972 1017 3033 nepe

132 3048 197 3094 του
250 3029 422 3098 ἐντελεῖται
470 3053 566 3114 περι
583 3049 661 3100 ccv.-
681 3051 743 3097 του
757 3033 1016 3119 &conviciatos

132 3128 226 3186 ccv,
267 3134 326 3177 και
357 3116 410 3180 ἐπι
444 3136 568 3197 χειρων
583 3121 700 3183 mace
719 3134 792 3181 ταις
811 3119 901 3188 ὁδοις
920 3134 993 3190 σου.

130 3201 257 3277 ripevus
268 3207 319 3274 σε,
334 3221 458 3283 pannose
471 3221 567 3282 noos-

127 3291 233 3363 κοψης
269 3296 358 3362 προσ
383 3289 479 3354 mor
510 3307 568 3352 τον

129 3371 222 3435 notia
242 3378 311 3436 σου.

214 3601 373 3686 Allegatio
406 3602 488 3666 haec
518 3624 588 3666 rem
609 3603 813 3682 historicam,
850 3619 931 3683 quae
957 3601 1011 3661 iu·

129 3714 234 3793 dreis,
255 3716 442 3799 priusquam
464 3711 588 3796 evenit,
620 3717 730 3802 ignota
752 3728 837 3797 eret,
874 3713 942 3776 Cur
961 3726 1011 3774 te·
