2917 4684
489 493 721 576 ἰι-55..-

154 694 213 774 qui
227 701 325 753 exstat
335 682 422 769 apud
436 685 551 750 Matth.
562 701 593 760 8,
612 703 660 771 17.
679 687 771 747 locus
784 681 906 744 Iesaiae
917 701 989 744 non
1004 679 1046 743 ad
1149 711 1152 716 ·

43 829 45 846 ¹
154 803 279 878 Iesum,
325 813 457 882 peccata
486 802 599 881 populi
629 800 830 880 expiantem,
876 795 1043 876 allegatur,

154 917 218 977 recl
242 937 357 992 sensu,
404 913 460 993 qui
479 911 588 994 mollit
601 931 639 973 ex
665 910 768 972 verbis
792 908 916 970 Ieeaiae
942 910 1044 988 ipsius

156 1030 328 1108 verbisque
391 1023 563 1085 versionis'
598 1021 844 1084 Alexandrinae
900 1021 1043 1092 mutatis,

151 1141 195 1202 ad
209 1139 318 1200 Iesum
338 1151 399 1200 τας
417 1134 589 1198 dubuerat
606 1132 759 1212 λαβοντα
772 1153 831 1196 και
854 1145 915 1195 τας
927 1135 1046 1194 νοσους

151 1249 348 1332 flaturam,
368 1249 400 1310 lt.
425 1269 450 1312 e.
468 1270 506 1311 ex
529 1261 681 1310 contextu
701 1249 854 1309 “morbos
876 1260 1045 1315 sanantem

154 1377 185 1424 et
205 1358 440 1425 auferentem.’'
489 1359 583 1424 Hinc
602 1360 666 1422 hoc
687 1364 792 1444 potina
816 1375 966 1443 apparet,
998 1379 1055 1423 ne·
1136 1361 1140 1370 '

151 1474 318 1538 Matthaeo
354 1473 485 1558 quidem
513 1495 647 1539 sensum
667 1475 734 1539 loci
757 1474 911 1549 lesaiani,
946 1492 1044 1554 quern

149 1589 290 1669 plurimi
312 1607 351 1648 ex
371 1590 440 1672 ipso
463 1577 579 1649 eruere
600 1577 707 1648 adhuc
729 1587 840 1648 conati
862 1595 968 1658 sunt,'
984 1603 1044 1644 no·

150 1711 225 1760 tum
252 1699 361 1761 fnisse.
426 1700 480 1762 Sic
506 1700 709 1782 Io.12‚38.
744 1698 842 1760 verba
866 1697 1042 1769 nonnulla,

151 1831 234 1893 quae
275 1808 364 1891 apud
409 1808 470 1868 Iee.
512 1829 579 1888 cap.
613 1810 698 1870 laud.
742 1821 946 1881 occurrunt,
1002 1806 1044 1866 ad
1079 1890 1083 1897 x

151 1928 252 2004 longe
270 1921 446 1982 aliamrem
455 1920 645 2002 allegentur,
668 1917 911 1983 adludaeorum
923 1937 1045 1999 nempe

153 2005 416 2096 obstinationem.
479 2031 612 2093 Petrum
641 2051 751 2094 autem
775 2033 815 2113 (1
828 2034 957 2108 Petne,
980 2047 1042 2096 22-

151 2139 217 2221 26.)
241 2144 337 2206 verba
358 2163 397 2206 ex
419 2144 524 2225 capite
545 2143 604 2205 illo
627 2143 786 2219 desumat,
810 2146 852 2206 ad
874 2147 1040 2221 Messium,

150 2256 237 2318 mala
254 2258 451 2319 subeuntem
475 2275 536 2337 pro
575 2241 750 2318 hominum
783 2260 921 2336 peccatis
952 2255 1042 2319 adhi-

149 2369 603 2444 buisse,n01ismirari;-
628 2369 741 2450 l'etrus
771 2372 863 2431 eninr
890 2391 959 2433 non
987 2371 1040 2434 Iu·

44 2487 46 2514 ¹
150 2480 264 2558 daeua,
288 2481 343 2544 red
365 2481 572 2542 Christianus
594 2501 653 2560 pro
676 2482 865 2543 Christiano
888 2483 1078 2567 dogmate*
1156 2509 1160 2515 ·

148 2595 250 2656 verba
269 2595 328 2656 illa
347 2597 484 2674 profert.
542 2595 714 2654 Caeterum
736 2593 778 2651 ad
798 2607 943 2655 nostram
967 2615 1041 2656 oen·

149 2707 286 2769 tentiam
306 2705 511 2788 probandam
532 2704 573 2765 ad
593 2706 662 2764 Act.
672 2708 703 2777 8,
727 2714 848 2788 32-35.
871 2724 942 2768 non
963 2709 1041 2770 licet

149 2837 344 2902 provocare:
378 2839 446 2882 non
472 2819 568 2884 ,enim
597 2816 638 2878 de
665 2816 804 2889 Iudaeo,
839 2817 896 2878 sed
916 2817 956 2880 tle
978 2821 1041 2882 Ae-

150 2933 262 3015 thiope
283 2933 334 2994 ibi
354 2935 473 3018 agitur.
492 2931 536 2994 of.
559 2929 719 2994 deWette
741 2951 771 3012 p.
781 2939 833 3011 50.
846 2931 900 3012 ²⁶)
923 2965 964 2980 -
984 2953 1041 2996 ue·

94 3241 98 3260 ,
152 3275 156 3283 Ι
185 3194 232 3260 26)
247 3196 292 3248 De
308 3195 418 3248 Ieoaiaa
440 3193 534 3284 vprbia
552 3209 570 3245 a
585 3193 689 3250 Marco
706 3199 761 3264 (15,
772 3196 827 3262 28.)
843 3195 966 3268 prolatio
982 3197 1040 3257 vid.

252 3287 340 3342 infra.
374 3317 408 3328 -
440 3287 485 3340 De
507 3294 569 3339 toto
593 3289 704 3342 leaeine‘
730 3307 792 3360 cap.
807 3304 873 3360 55„
903 3295 981 3364 qnotl
1004 3296 1040 3350 de

251 3383 362 3436 Meuia
383 3398 443 3435 non
466 3398 565 3452 agere,
594 3383 655 3438 iarn
672 3393 799 3453 constat,
828 3384 862 3437 in
877 3385 951 3440 Nm.
967 3390 1040 3443 alle-

149 3561 151 3568 Ι
251 3486 320 3550 gato
345 3478 400 3530 viu
423 3478 534 3532 Ammon
554 3477 683 3539 Christol.
707 3481 754 3532 cles
771 3479 835 3532 AT.
859 3499 887 3552 p.
898 3480 956 3554 rog.
980 3503 1039 3543 no.

255 3577 337 3644 Quae
351 3573 441 3626 Barth.
460 3572 569 3644 aliique
586 3573 621 3626 de
638 3573 748 3628 Mastia
764 3576 896 3646 gemino,
911 3574 975 3630 ulio
992 3583 1041 3634 lo·

153 3673 158 3684 '
203 3713 206 3722 .
252 3669 334 3741 sephi
352 3677 382 3722 et
396 3667 458 3722 lilio
476 3668 595 3722 Davidis
616 3672 741 3724 afferent
757 3681 931 3742 commenta,
948 3675 1040 3730 aerio·

252 3762 293 3816 ris
315 3761 448 3823 ridentut
465 3765 584 3836 aetatis,
599 3782 693 3840 neque
711 3767 930 3825 aSamoritanie
947 3776 1041 3824 eaete-

867 3861 894 3932 ὅ
978 3866 980 3875 .
