2917 4684
712 629 940 700 -26u

462 829 596 892 ludaeos
609 867 613 874 ·
625 829 796 901 Messium,
816 829 991 908 *populum
1018 847 1094 890 cum
1114 831 1187 895 Deo
1217 855 1270 900 re-

378 940 584 1002 conciliando
609 961 735 1000 novum
763 941 946 1020 splendoris
978 954 1011 1002 et
1030 942 1195 1013 felicitatis
1218 967 1269 1008 ae-

376 1071 455 1113 vum
477 1054 708 1116 inchoaturum
731 1073 817 1131 esse,
847 1056 1061 1130 existimasse,
1084 1062 1158 1121 satis
1180 1061 1269 1121 iuter

376 1187 491 1230 omnes
514 1183 647 1232 constat.
714 1167 866 1230 Iudaicae
888 1172 979 1231 euim
1001 1172 1136 1248 civitati,
1152 1194 1155 1200 ¹
1172 1173 1267 1234 theo·

375 1282 529 1356 creticae,
544 1283 659 1344 *unica
678 1281 844 1344 feli-sitatis
866 1282 1012 1346 conditio
1033 1283 1161 1362 Iovue,.
1180 1287 1265 1367 regis

373 1391 463 1452 illius
485 1393 670 1472 invisibilis,
695 1395 799 1456 cultus
822 1409 900 1473 eret,
922 1398 1015 1476 isque
1037 1399 1186 1459 sincerus
1206 1397 1265 1459 ille

374 1517 408 1562 et
435 1525 550 1581 verus,
590 1527 662 1569 uon
692 1521 863 1589 corruptus
891 1524 988 1592 atque
1016 1512 1056 1572 ab
1082 1511 1266 1573 idololatria

374 1621 617 1683 contaminatus.
663 1621 761 1701 Quod
783 1619 920 1703 quidem
944 1625 990 1685 ita
1011 1642 1098 1701 esse,
1132 1622 1265 1686 historia

372 1730 574 1794 Iudaeorum
595 1734 791 1810 luculenter,
814 1734 918 1812 docet,
942 1756 1047 1818 eoque
1066 1736 1195 1802 firmius
1215 1758 1265 1800 se·

371 1847 475 1908 riores
489 1846 603 1911 Iudaei
623 1845 664 1908 de
687 1867 727 1910 eo
749 1852 894 1928 persuasi
909 1865 1012 1914 erent.
1034 1855 1155 1935 Quare,
1170 1873 1265 1934 quae·

373 1977 501 2036 cunque
522 1961 609 2020 mala
630 1962 693 2018 toti
713 1963 836 2038 populo
860 1978 1061 2038 evenerunt,
1091 1939 1173 2024 iude
1194 1978 1263 2026 orta

371 2070 546 2148 putebant,
582 2071 668 2152 quod
688 2071 784 2148 Iota,
825 2069 867 2128 ob
891 2069 1037 2146 cultum,
1073 2091 1173 2152 quem
1192 2074 1263 2156 ipse

369 2185 559 2248 instituerat
578 2183 782 2265 neglectum,
809 2200 829 2242 a
849 2181 970 2263 populo
989 2203 1048 2246 suo
1071 2187 1173 2250 iratus
1193 2206 1262 2248 sese

370 2301 531 2361 averterit.
597 2297 722 2378 Quibus
741 2297 840 2381 ‘malis
861 2313 900 2360 ut
918 2298 1141 2361 liberarentur
1160 2301 1261 2363 buno·

369 2433 511 2494 rumque
532 2414 726 2474 amissorum
746 2424 783 2471 ut
805 2409 914 2475 denuo
935 2410 1109 2494 participes
1131 2411 1261 2491 fierent,

368 2525 481 2589 Iovem
512 2526 575 2588 sibi
607 2525 893 2588 reconciliandum
928 2545 996 2588 esse
1022 2525 1259 2598 existimabant,
1308 2527 1315 2538 “

290 2610 292 2614 ¹
367 2641 468 2721 idque
491 2660 562 2702 nou
590 2641 655 2700 uisi
676 2639 867 2704 idololatria
889 2641 1100 2721 caeterisque,
1138 2659 1261 2720 quaec

369 2753 462 2813 cultu
485 2752 580 2811 Iovae
617 2751 727 2812 aliena
751 2766 865 2827 eraut,
903 2754 1037 2812 abiectis
1069 2749 1145 2811 fieri
1165 2770 1260 2830 posse

367 2866 512 2944 persuasi
535 2877 639 2926 eraut.
671 2876 685 2890 ⁴
704 2862 820 2923 Iudaei
840 2863 956 2942 igitur,
979 2862 1136 2923 Messium
1158 2884 1259 2944 quum

365 2979 550 3040 libertatem
574 2978 743 3046 amissam,
777 2988 849 3034 tum
874 2974 1068 3035 felicitatem
1095 2991 1258 3038 revocatu-

365 3111 442 3152 rum
463 3101 648 3170 sperantes,
681 3084 793 3146 Iovam
818 3099 894 3157 aute
923 3086 1035 3168 omitia
1057 3070 1167 3168 ipsum
1189 3111 1258 3150 esse

364 3205 654 3266 reconciliaturum
667 3199 949 3280 persuasissimum
961 3199 1134 3263 habebant.
1159 3201 1256 3279 Unde

363 3318 432 3378 iam
457 3316 495 3377 in
524 3317 653 3396 scriptis
682 3310 885 3392 Apocryphis
914 3325 945 3372 et
975 3312 1058 3372 Ν.Τ.
1089 3332 1202 3396 regem
1224 3327 1257 3376 et

363 3431 573 3512 prophetam,
596 3425 738 3507 βασιλεα
765 3438 796 3486 et
819 3438 1015 3504 προφητην,
1039 3433 1153 3489 nautor
1174 3445 1256 3504 προ-

363 3559 472 3623 φητην
502 3541 657 3618 (IMacc.
671 3557 726 3623 14,
749 3539 824 3618 41.)
847 3539 956 3620 ipsum
978 3541 1187 3605 nominatum
1210 3546 1256 3605 vi·

365 3655 489 3717 demus.
513 3687 554 3701 -ν

447 3880 517 3942 Iam
540 3900 614 3942 vero
635 3879 858 3962 quaerendum
880 3894 945 3958 est,
970 3880 1064 3961 quale
1085 3879 1148 3941 hoc
1169 3880 1257 3942 Mes·
