2917 4684
402 847 407 856 ·
476 828 735 911 allegationum,
774 848 857 910 quae
883 827 925 889 in
949 825 1136 908 Evangelii·
1169 834 1287 888 occur·

391 953 487 1016 runt,
506 942 590 1002 alias
603 943 705 1002 textui
719 940 888 1023 originali,
910 937 1000 1002 unde
1021 937 1187 1003 desumtae
1198 953 1286 1016 sunt,

384 1053 466 1114 aliis
488 1054 660 1116 similiores
682 1073 768 1129 esse,
790 1043 928 1136 quisque
949 1050 1042 1114 videt.
1085 1050 1159 1114 Iam
1172 1054 1289 1134 quaeri
1388 1119 1396 1142 ι

390 1166 510 1244 possit,
540 1179 654 1228 utrum
675 1165 922 1247 allegationes,
940 1165 1092 1248 dogmata
1111 1165 1285 1238 Massiena,

362 1331 363 1336 ,
392 1295 490 1358 supra
507 1279 668 1356 erposita,
684 1278 947 1358 ludaeorumque
967 1290 1041 1340 ante
1053 1277 1127 1340 Iesu
1138 1291 1286 1360 tempora

387 1388 571 1452 ¹viventium
601 1391 839 1474 Christologiae
872 1392 1055 1475 uindicata,
1094 1403 1287 1471 spectantes,

393 1501 584 1562 memoriter
604 1505 667 1564 sint
688 1505 849 1581 recitatae,
872 1505 913 1565 ab
934 1505 1054 1584 iisque,
1077 1521 1161 1581 quae
1173 1520 1288 1562 recen·

393 1608 480 1670 tiora
500 1623 640 1695 tangunt
660 1615 700 1678 de
723 1617 842 1680 Messio
863 1612 1013 1698 dogmata
1033 1611 1198 1702 diversae?
1221 1617 1286 1675 Au·
1410 1604 1411 1627 ¹

392 1731 498 1798 toret,
538 1726 672 1790 fortasse
700 1727 927 1809 respondebis,
971 1727 1058 1788 Novi
1086 1725 1287 1788 Testamenti
1412 1786 1413 1817 ¹

393 1853 464 1900 non
496 1839 635 1922 amplius
657 1837 812 1918 ludaeos,
845 1841 902 1905 sed
924 1840 1131 1906 Christianos
1159 1839 1284 1900 haben·

396 1946 455 2008 dos
478 1969 565 2026 esse,
597 1954 652 2030 qui
674 1954 876 2035 dogmatibus
900 1954 1094 2016 Christianis
1115 1952 1236 2014 imbuti
1257 1962 1289 2010 et
1414 1966 1415 1993 t

394 2059 534 2135 initiati,
569 2061 648 2122 Π.
670 2063 776 2140 locos,
813 2064 873 2125 illa
893 2074 1090 2142 spectantes,
1126 2066 1288 2126 memoria
1415 2058 1416 2089 ¹

392 2171 541 2232 recolere
573 2173 750 2250 potuerint.
793 2173 852 2234 Est
877 2175 943 2244 ita3
971 2203 1015 2219 -
1041 2182 1151 2251 ne'que
1175 2185 1288 2236 tamen

396 2300 498 2362 quum
519 2281 559 2344 de
582 2283 793 2366 Evangelistis
814 2298 946 2348 tantum
967 2303 1072 2367 agam,
1093 2285 1182 2346 inter
1202 2286 1287 2364 ipsas

395 2391 530 2456 illorum
561 2395 771 2478 allegationes
797 2417 952 2484 magnam
980 2397 1192 2477 conspicuam
1219 2414 1288 2456 esse

397 2503 712 2585 dissimilitudinem,
735 2511 883 2593 negabis.
926 2513 1021 2601 Quae
1041 2507 1183 2594 quidem,
1205 2525 1288 2570 num

396 2619 524 2686 ratione
543 2625 644 2692 ,modo
667 2623 765 2686 allata
783 2627 940 2706 explicari
959 2626 1076 2708 possit,
1098 2621 1288 2703 periclitati,

398 2751 517 2812 operae
537 2738 652 2798 saltem
674 2740 818 2821 pretium
839 2753 896 2802 cst.
961 2739 1041 2800 Non
1063 2736 1155 2794 enim
1174 2734 1289 2793 verisi-
1328 2729 1332 2734 ’

395 2845 476 2906 mile
497 2850 698 2926 putaverim,
720 2849 941 2930 Evangelistas
964 2864 1173 2926 caeterosque
1196 2847 1290 2905 Chri·

398 2956 440 3014 sti
460 2957 576 3034 primis
597 2963 800 3039 temporibus
816 2963 964 3038 asseclas,
987 2963 1073 3022 locos
1095 2960 1185 3040 v.T.,
1208 2980 1289 3040 quae

398 3067 584 3130 recentiora
614 3069 764 3133 habenda
795 3090 871 3134 sunt
907 3073 948 3134 de
975 3071 1094 3134 Massia
1123 3072 1286 3154 dogmata,

399 3192 597 3260 spectantes,
621 3185 758 3247 simulac
780 3185 959 3248 Christiani
979 3186 1160 3262 facti-sint,
1191 3183 1289 3244 veluti

399 3293 515 3372 spiritu
535 3309 645 3358 sancto
677 3296 872 3377 adiuvante,
907 3303 1100 3362 memoriter
1126 3299 1287 3360 recitasse.

397 3403 549 3481 Accedit,
585 3410 671 3488 quod
692 3410 917 3494 Evangelistae
945 3411 1007 3483 vel,
1023 3412 1132 3472 infimi
1153 3407 1289 3481 ordinis,

395 3515 450 3574 rel
469 3517 598 3582 indocti
620 3537 712 3585 erant
732 3523 898 3600 homines,
922 3525 987 3606 qui,
1009 3517 1289 3605 quacunqueV.T.

309 3709 314 3730 ¹
399 3623 495 3688 effata
523 3637 683 3696 memoria
709 3635 914 3712 recolebant,
955 3657 1026 3699 non
1055 3637 1162 3698 studio
1191 3645 1223 3694 et
1248 3630 1293 3690 la·
1346 3635 1349 3640 '

399 3738 495 3816 bore,
519 3743 647 3822 qualem
669 3747 804 3812 litterati
826 3749 1092 3830 adhibent„sed
1113 3745 1198 3805 ultro
1221 3760 1292 3800 me·

398 3853 523 3916 moriae
549 3855 802 3926 inculcaverant.
845 3865 981 3947 ,Neque
1013 3859 1101 3945 quod
1128 3857 1182 3922 de.
1196 3852 1292 3936 plebo
