2917 4684
391 491 397 504 -
507 455 734 535 -47,-

139 655 142 660 '
180 675 186 704 ι
218 638 259 718 β)
288 639 402 704 Matth
420 643 458 712 8,
484 649 533 718 17.
558 636 628 698 coli
647 637 705 698 Ies.
723 653 825 724 53,4.
840 650 874 722 5.
899 641 967 706 Hic
978 647 1065 710 Mass

176 751 310 820 thaeum
338 773 410 817 non
438 750 547 812 solum
575 753 762 815 versionem
782 754 972 837 Alexandr„
1005 763 1065 825 sed

175 865 274 925 verba
296 865 448 930 hebraica
482 883 607 946 quoque
632 863 829 937 deseruisse,
864 886 963 948 supra
992 895 1063 938 mo.

178 979 250 1038 nui.
294 978 377 1040 Inde
407 991 517 1044 tamen
544 998 620 1040 oum
641 977 909 1058 Eichhornio⁸¹)
931 987 1064 1047 conclu·

177 1089 258 1150 dere
279 1107 348 1151 non
368 1090 455 1165 lieet,
475 1089 677 1158 Matthaeum
698 1090 796 1152 verba
816 1089 970 1162 hebraice·
988 1116 1065 1158 mu.

174 1201 299 1278 rasisse,
321 1204 511 1284 ipsumque,
534 1189 683 1266 versione
704 1204 879 1272 Alexandr
900 1209 1062 1291 neglecta,

177 1323 301 1379 textum
320 1315 513 1380 hebraicum
535 1318 675 1378 vertisse.
749 1353 753 1364 ·

215 1505 250 1577 γ)
281 1501 445 1609 Ματῴ.9,
485 1519 532 1592 13.
561 1500 652 1566 ἔλεον
672 1501 764 1566 istm
787 1501 910 1566 umori
935 1504 1063 1570 &votur

175 1628 249 1690 coll.
280 1628 360 1708 Hos.
398 1629 437 1705 6,
460 1630 490 1694 6.
521 1599 596 1694 ΝΙῚῚ
620 1669 633 1681 ··
654 1632 761 1692 LXX:
789 1629 966 1710 ἡθυσιαν.
986 1637 1062 1703 Hoc
1149 1716 1152 1727 ι

174 1741 354 1830 prophetae
384 1745 518 1807 effatum
549 1733 578 1805 si
599 1745 783 1809 Matthaeus
812 1763 851 1804 ex
877 1747 948 1826 ipso
974 1764 1064 1813 textu

176 1849 327 1935 originali
349 1859 510 1933 vertisset,
538 1857 662 1916 mirum
687 1867 784 1929 esset,
806 1873 873 1919 una
895 1875 971 1918 cum
993 1881 1063 1922 ver·

174 1984 265 2044 aione
287 1985 461 2047 Alexandr.
491 1975 686 2047 vocabulum
714 1978 800 2044 ’10Γὶ
821 2006 879 2067 pro
904 1981 991 2050 ἕλεος
1014 1991 1063 2073 ip·

174 2117 246 2178 sum
267 2099 438 2178 accepisse.
474 2100 581 2179 Quare
602 2099 786 2160 versionem
806 2100 1063 2164 Alexandrinam

174 2202 246 2270 sine
275 2209 510 2271 dubiosni‘mo
541 2209 664 2273 habuit.
727 2199 924 2274 Memorit‘er
952 2225 1062 2274 autem

172 2321 264 2383 hunc
285 2323 394 2384 locum
416 2323 571 2398 recitans,
595 2320 765 2383 duriorem
785 2325 1062 2388 constructionem

175 2426 283 2510 (aare
302 2433 342 2514 ἡ,
366 2454 441 2516 pro:
463 2435 560 2512 malo)
585 2436 785 2516 relinquens,
808 2434 857 2494 nil
878 2435 944 2496 nisi
962 2454 1060 2516 copu-

173 2549 238 2608 lam
259 2549 367 2629 posuit
389 2566 465 2614 curn
487 2549 661 2628 negatione
682 2548 902 2609 coniunctam.

215 2697 252 2781 ὅ)
273 2671 391 2761 Matth.
405 2712 463 2782 27,
486 2713 517 2781 9.
565 2697 666 2758 Hunc
691 2668 822 2759 versum
843 2717 883 2760 ex
903 2697 1061 2762 Zacharia

173 2812 358 2876 adhibitum
381 2833 449 2875 esse
471 2813 584 2874 dicunt
606 2815 675 2889 (11,
700 2823 750 2893 13.
767 2811 834 2893 14).
892 2813 993 2872 Deest
1013 2827 1060 2872 ta·

172 2947 250 2990 men
277 2927 439 2990 sufficiens
472 2945 598 3000 caussa,
620 2941 681 2982 cur
700 2943 776 3004 pro:
798 2922 950 2985 Ieremias
974 2923 1060 3006 lega·

170 3061 258 3102 mus:
281 3041 462 3118 Zacharias,
484 3061 543 3102 seu
559 3037 765 3102 Matthaeum'
780 3037 853 3099 falsi
874 3055 1057 3119 arguamus.

125 3174 128 3180 ·
170 3155 257 3215 Nam
284 3172 391 3233 neque
418 3154 455 3211 in
477 3151 667 3223 Zachariae,
700 3167 807 3226 neque
831 3151 869 3208 in
889 3149 1058 3224 Ieremias,

172 3262 214 3326 ad
229 3283 326 3344 quem
341 3275 519 3344 provocant
531 3261 652 3336 locum,
672 3249 785 3320 'omnia
805 3259 965 3322 Matthaei
986 3279 1057 3320 ver·

186 3453 455 3472 m

180 3653 182 3659 ,
203 3579 247 3650 ὅ.)
265 3541 403 3632 asceam
424 3575 473 3636 in:
503 3575 607 3645 augam.
625 3572 776 3630 nazaraea
793 3573 842 3630 aa.
856 3569 918 3630 aar
936 3571 1003 3628 asts
1023 3587 1054 3642 ο,
1080 3571 1082 3575 ’

230 3748 234 3756 .
269 3677 302 3746 ⁶²
320 3691 380 3756 975·
