2917 4684
507 629 823 732 ...μ-χ,

174 857 305 914 nostrae
328 841 441 906 aetatis
459 839 636 930 desumere
656 847 965 930 solent·exemplum
980 853 1065 915 mihi

78 935 80 940 ,
177 957 371 1018 adversatur.
416 957 596 1020 Permultos
625 958 760 1038 quidem
788 963 894 1054 nostri
915 944 988 1024 aevi
1007 943 1066 1027 ho·

122 1088 125 1095 ·
175 1070 450 1131 minesindoctos
471 1073 598 1151 potiora
616 1060 766 1154 dogmata
780 1071 967 1156 Christiana
986 1075 1066 1136 locis

176 1199 196 1240 e
218 1180 332 1242 codice
365 1201 453 1248 sacro
483 1181 638 1244 desumtis
662 1183 800 1262 probare
821 1205 913 1265 posse
933 1219 976 1236 -
995 1205 1067 1261 non

177 1305 233 1369 eet,
258 1292 343 1374 quod
363 1313 489 1378 negem.
513 1295 592 1376 Quis
614 1309 724 1356 autem
749 1297 911 1376 opinetur,
933 1299 1066 1378 plebem

174 1401 273 1464 huius
302 1407 405 1468 seculi
432 1418 491 1490 pro
517 1411 643 1489 placitis
665 1408 912 1470 Soeinianorum
933 1410 985 1471 vel
1005 1412 1076 1472 tto·
1113 1458 1117 1463 -

175 1509 412 1582 rionalisnru‘m
429 1581 431 1586 ,
448 1519 533 1582 dieto
563 1521 734 1601 probantia
754 1521 845 1581 illico
868 1523 1066 1583 memoriter

176 1646 269 1706 posse
281 1627 413 1690 afferre?
436 1649 514 1690 nam
529 1634 720 1694 recentioris
733 1630 886 1711 familiae,
899 1646 937 1693 ut
957 1635 1004 1694 ita
1019 1633 1068 1694 di·

173 1743 268 1814 rani,
293 1739 382 1802 Iesus
404 1759 529 1820 quoque
552 1757 620 1804 erat
641 1757 744 1808 autor.
777 1763 780 1767 ·
1073 1744 1074 1749 ’

260 1950 453 2034 Priusquam
474 1966 586 2015 tamen
607 1954 678 2032 his,
716 1973 799 2034 quae
826 1955 938 2018 adhuc
962 1960 1068 2041 tetigi,

174 2064 271 2144 plura
291 2063 427 2138 addam,
459 2065 551 2126 unde
579 2065 751 2130 hauserint
771 2068 996 2150 Evangelistae
1024 2070 1070 2130 al·

173 2171 367 2256 legationes,
409 2174 587 2238 dicendum
619 2193 681 2240 est:
722 2200 795 2259 ‘qua
827 2180 960 2267 quidem
994 2185 1069 2245 iure

174 2288 378 2350 Matthaeunr
413 2289 557 2368 primum
599 2302 633 2350 et
663 2291 716 2351 vel
749 2294 892 2351 maxime
924 2292 1070 2355 aditurus

176 2421 257 2477 sum,
280 2415 351 2460 tum
372 2402 446 2479 quin
468 2413 674 2462 caeterorum
694 2401 974 2484 Evangelisterum
996 2423 1067 2466 eae·

107 2486 109 2488 Ι
178 2513 251 2574 dem
266 2505 335 2574 iere
351 2491 429 2574 runt
444 2513 664 2595 allegationem
687 2528 758 2574 tum
775 2515 848 2594 quia
863 2513 1069 2579 Matthaeum
1158 2493 1161 2500 Ι

175 2625 212 2684 in
234 2623 422 2695 recitandis!
435 2606 518 2684 Π.
542 2625 624 2684 locis
639 2627 824 2685 versionem
836 2623 939 2682 LXX.
953 2645 1068 2708 sequn-

176 2743 252 2797 tum'
269 2755 355 2812 esse,
374 2746 467 2810 sunt,
495 2737 552 2814 qui
574 2749 705 2818 negent.
771 2734 882 2816 Quid?
904 2737 1068 2815 quodeo.

172 2867 247 2908 rum
269 2847 445 2921 sententia,
474 2850 651 2910 nonnullas
673 2848 832 2911 Matthaei
853 2849 1079 2930 allegationes·

85 3003 89 3010 .
175 2963 203 3022 si
224 2981 393 3044 urgemus,
417 2953 594 3022 'admodum
615 2961 795 3042 probabilis
814 2960 961 3028 videtur?

257 3203 483 3264 Nihilominus
520 3202 722 3262 contrarium
767 3208 974 3269 verisimilius
1007 3223 1064 3286 est,

173 3317 240 3376 nisi
260 3315 394 3374 fortasse
415 3309 456 3374 ad
477 3311 671 3373 Surenhusii
690 3311 894 3395 aliorumque
914 3319 1065 3402 refugere

172 3427 265 3488 malis
300 3436 507 3506 argumenta,
555 3424 668 3503 quibus
695 3425 845 3504 priorem
880 3428 1064 3494 defendunt

173 3539 390 3600 sententiamt
430 3537 531 3616 “quis
566 3554 712 3616 unquam
742 3537 934 3617 crediderit,
977 3541 1062 3604 Mat·

172 3651 322 3724 thaeum,
346 3649 453 3710 virum
475 3646 585 3708 divino
608 3649 724 3728 spiritu
747 3650 896 3712 afflatum
917 3669 949 3715 et
969 3658 1062 3716 toties

172 3761 367 3822 admirabile
398 3755 483 3840 quod
505 3758 626 3827 ‚lumen
648 3779 666 3819 e
688 3763 910 3825 tenebricosis·
924 3766 1063 3845 prophe-

172 3885 280 3936 tarum
293 3875 374 3936 locis
385 3871 635 3956 producentem,
646 3875 986 3956 septuagintaviralem
996 3895 1064 3936 ver·
1113 3879 1116 3885 “
