2917 4684
750 726 983 775 ..22-

450 913 454 923 '
508 908 592 969 Sunt
613 882 725 968 tamen
745 909 926 987 nonnulla,
958 927 1040 991 quas
1061 911 1225 972 contraria
1246 927 1323 990 pro-

420 1024 498 1084 bare
534 1023 716 1086 videantur.
790 1027 931 1088 Ioannes
968 1022 1175 1108 Evangelista
1226 1024 1320 1084 enim

420 1134 558 1196 Ioannis
582 1134 742 1216 Baptistae
763 1137 845 1200 baec
872 1135 912 1197 de
937 1136 1013 1198 Iesu
1034 1137 1174 1199 servavit
1202 1134 1318 1196 verba:

422 1244 526 1313 οὗτος
552 1239 612 1328 ἧν,
655 1241 695 1310 ὅν
721 1246 832 1312 εἷπον·
875 1245 1027 1312 idmona
1043 1267 1111 1327 μου
1132 1244 1318 1324 ἐρχομενος,

419 1359 659 1439 ἔμπροσθεν
685 1382 767 1438 μου
794 1381 950 1444 γεγονεν·
981 1357 1032 1424 ὅτι
1053 1375 1218 1439 πρῶτος
1237 1378 1321 1438 μου

418 1470 478 1552 ὴν.
548 1475 619 1536 lam
657 1477 685 1536 si
721 1476 817 1538 verba
854 1474 1044 1554 ἔμπροσθεν
1087 1494 1157 1552 μου
1190 1467 1235 1553 ἦν
1262 1490 1319 1536 et:

421 1601 556 1662 apenos
577 1607 645 1664 μου
665 1578 708 1666 ἦν
730 1609 800 1651 non
822 1588 936 1651 eodem
959 1589 1106 1651 suminus
1130 1610 1241 1664 sensu,
1263 1590 1322 1651 sed

417 1700 475 1760 illa
504 1698 544 1762 de
576 1701 736 1784 dignitate
760 1703 927 1779 Messiae,
968 1701 1065 1763 haec'
1088 1699 1129 1762 de
1158 1715 1321 1784 tempore,

422 1816 712 1897 praeexistentiam
763 1815 901 1878 Messiae
958 1812 1100 1895 ideoque
1160 1814 1322 1876 diversam

423 1928 526 2006 ipsius
573 1927 613 1984 ab
655 1929 802 1988 humana
851 1942 1002 1989 naturam
1045 1929 1109 1988 hoc
1144 1927 1218 1988 ioco
1264 1924 1323 1986 tio·

423 2040 493 2101 ceri
514 2036 628 2117 negari
649 2055 714 2095 non
737 2038 848 2114 possit
900 2038 1056 2096 Attamen
1078 2037 1237 2096 Ioannem
1260 2037 1321 2100 Ev.

419 2149 541 2212 haecce
564 2146 660 2208 verba
681 2144 842 2228 Baptistae
864 2146 1066 2230 attribuisse,
1088 2147 1160 2227 quis
1183 2162 1240 2222 est,
1264 2152 1323 2229 qui

421 2261 628 2328 contrarium
648 2261 727 2323 licet
746 2260 940 2342 probaturus
959 2263 1017 2336 sit,
1039 2256 1218 2323 infitietur?
1261 2265 1323 2326 Ni·
1424 2285 1426 2327 t

421 2377 603 2439 hilominus
625 2388 737 2435 tamen
761 2376 972 2437 verisimilius
992 2371 1133 2448 videtur,
1156 2375 1322 2438 Ioannem
1423 2380 1424 2405 ¹

420 2488 469 2565 B.‚
493 2486 567 2548 Iesu
582 2499 756 2568 cognatum
775 2501 807 2548 et
828 2490 996 2550 sincerum
1017 2487 1171 2562 amicum,
1194 2490 1260 2550 iam
1277 2491 1319 2551 ab
1423 2464 1424 2469 ἵ

420 2602 493 2680 ipso
517 2599 772 2685 Christologiam
794 2603 966 2684 accepisse.
991 2600 1069 2679 (rid.
1091 2602 1165 2681 ini.)
1186 2603 1320 2669 vid‘Ev.

421 2710 509 2789 lut,
535 2730 583 2790 15.
613 2716 676 2794 ¹⁸).
720 2743 722 2747 ·

510 3001 633 3061 Nonne·
652 3020 769 3080 porro,
794 3020 876 3083 quae
898 2999 984 3082 apud
1005 3004 1119 3081 Io.12‚
1143 3019 1195 3092 34.
1220 3004 1240 3068 ὀ
1261 2988 1319 3090 ὄχ.
1413 3067 1420 3084 1

423 3113 482 3176 tor
504 3108 600 3176 dicit:
622 3109 714 3192 ἡμεις
736 3111 929 3193 rixendam
950 3115 987 3182 ἐκ
1002 3138 1063 3184 του
1082 3137 1202 3202 rouen,
1227 3119 1322 3188 ὁτιὸ

528 3473 626 3525 didam
642 3483 776 3544 poterant
791 3478 982 3546 exspectare?
998 3509 1031 3522 -
1053 3481 1111 3536 Sed
1126 3482 1242 3536 etiamsi
1258 3483 1326 3553 pla-
1347 3504 1351 3510 ·

528 3569 620 3620 citum
642 3567 715 3622 illud
744 3572 919 3626 Iudaeorum
943 3573 1159 3648 Christologiae
1195 3578 1326 3630 iusiren-
1414 3578 1417 3598 ¹

529 3671 706 3733 sumerset,
737 3666 866 3720 divinam
887 3669 1010 3723 Iudaeos
1031 3673 1159 3727 Messias
1182 3675 1325 3730 tribuisse

527 3773 665 3818 naturam
687 3761 756 3814 inde
773 3779 832 3815 non
849 3768 989 3837 sequitur.

467 3965 509 4032 ιβ)
529 3963 566 4019 cf.
584 3959 718 4016 Tholuclr
736 3962 846 4017 nomm.
863 3963 896 4017 in
913 3965 954 4022 10.
974 3967 1053 4035 pei.
