2917 4684
511 421 748 496 ...19-

43 627 51 696 t
179 609 258 670 bant
274 617 476 688 argumenta,
500 625 581 686 quaa
595 618 709 668 tamen
731 606 782 668 illi
805 606 871 666 loci
893 609 987 671 nobis
1010 631 1080 674 nou

179 719 351 792 exhibent,
376 718 435 778 ubi
457 717 581 792 Iudaei,
604 718 658 798 qui
680 718 790 778 lesum
815 716 970 782 Messium
992 743 1078 786 non·

178 833 257 893 dum
275 843 486 914 agnoverant,
508 829 615 890 filium
628 831 723 890 illum
739 827 858 891 dicunt
871 834 1005 916 Iosephi
1020 842 1077 914 ι5).

175 944 363 1006 Matthaeus
376 956 484 1006 autam
499 944 586 1022 ipse,
614 961 711 1022 quem
727 963 797 1004 non
811 945 920 1008 solum
938 949 979 1010 da
991 951 1080 1012 Mes.

175 1059 267 1117 tiana
294 1056 418 1119 Christi
447 1057 642 1128 autoritate,
678 1057 736 1116 sed
766 1046 866 1120 etiatu
896 1059 937 1120 de
967 1058 1077 1122 divina

175 1171 245 1230 eiur
273 1182 388 1238 natura
408 1187 598 1250 persuasum
620 1167 723 1228 fuisse
744 1184 881 1243 constat,
903 1170 1076 1236 huicruae

176 1285 356 1346 sententiaa
372 1283 441 1366 ipsa
458 1279 623 1344 adversari
638 1282 775 1359 videtur,
800 1299 937 1365 utraque
954 1283 995 1348 de
1016 1287 1077 1349 hu.

275 1599 464 1654 cithominir.
482 1594 574 1652 ruath.
588 1599 630 1666 26,
647 1597 690 1665 64.
710 1595 855 1686 Matura,
874 1611 915 1663 15.
946 1599 989 1651 Ad
1005 1599 1075 1654 libr.

273 1712 421 1780 nemea,
453 1712 504 1766 uu
522 1729 629 1766 nomen
646 1712 703 1765 aut
724 1711 853 1766 hominis
876 1691 1077 1776 συνώνυμον

275 1814 321 1857 est
337 1808 463 1860 Massiua
495 1817 525 1858 et
541 1807 597 1859 filii
615 1807 687 1871 Dei,
699 1823 760 1857 non
775 1806 847 1857 licet
861 1822 1031 1874 provocare.
1049 1823 1075 1857 v.

275 1901 478 1970 Wegrcluider‚
499 1898 581 1954 Instt.
600 1919 628 1970 p.
641 1908 700 1970 584.
719 1899 764 1953 eri.
782 1905 838 1967 5ta.
857 1896 896 1950 cf.
916 1895 1015 1968 potius
1031 1900 1076 1952 Io.

278 2011 322 2065 tr,
339 2015 382 2066 54.
401 1998 441 2057 cf,
459 2004 606 2049 caeterum
626 1998 718 2063 Iuro,
737 2003 779 2058 28.
798 1991 849 2047 ubi
866 1990 1014 2060 Thomas,
1031 1993 1075 2044 di-

272 2105 370 2161 vinam
398 2111 432 2162 in
461 2113 528 2162 Iesu
554 2121 714 2177 agnoscens
739 2104 885 2171 indolem,
915 2085 1075 2170 ὄκυριος

275 2225 360 2284 μου,
384 2221 472 2290 dicit,
492 2225 550 2269 και
572 2199 677 2268 ὁθεος
696 2223 776 2282 μου,
798 2216 875 2269 unde
893 2218 1011 2287 egregia
1028 2218 1073 2270 in-

271 2343 318 2388 ter
340 2351 446 2388 nomen
470 2339 533 2384 του
554 2317 638 2382 θεον
656 2317 696 2384 'et
723 2332 787 2378 του
806 2309 886 2376 ὑιου
905 2329 931 2377 τ.
949 2314 983 2378 9.
1003 2347 1072 2400 pro-

210 2481 213 2485 .
272 2431 316 2484 dit
333 2429 511 2486 differentia.

207 2589 498 2666 15th.15,55.'56.
534 2596 702 2664 Luc.3,25.
738 2608 769 2660 4,
788 2606 831 2650 aa.
867 2593 1012 2662 lunai.
1044 2591 1083 2664 6‚'

271 2708 314 2760 42.
343 2691 466 2745 Iudaeos
484 2689 598 2756 saepius
615 2689 647 2742 in
665 2692 730 2742 Iesu
749 2690 872 2758 origine,
889 2690 1072 2760 parentibus,

269 2783 367 2860 patria
392 2781 547 2840 offendisse
569 2781 707 2854 legimus,
736 2794 811 2850 nan,
839 2783 908 2855 quia
929 2785 1070 2842 Messinm

268 2883 396 2940 humano
426 2899 532 2954 genere
563 2877 734 2947 oriundum,
763 2897 823 2932 non
851 2882 1070 2951 exspectahaut,
1169 2890 1177 2897 '

271 2985 321 3036 sed
345 2993 422 3049 tum,
453 2977 521 3052 quia
539 2980 619 3046 Iesu,
638 2972 775 3046 pauperis
798 2984 828 3027 et
844 2970 958 3030 indocti
975 2981 1068 3050 patria

268 3079 344 3148 filii,
384 3075 551 3149 praeclaras
574 3071 686 3145 ingenii
718 3070 874 3126 facultates
898 3083 928 3126 et
957 3075 1068 3131 doctri·

268 3193 337 3228 nam
371 3169 512 3228 admirari
546 3171 747 3242 cogebantur,
780 3179 863 3233 tum,
899 3168 969 3238 quia
1003 3173 1067 3226 eiua

268 3272 396 3342 patriam
411 3269 555 3338 huiusque
571 3261 694 3331 incolas,
713 3279 784 3334 quos
802 3263 925 3334 pusillos
942 3265 1069 3322 hebetis-

217 3377 220 3395 ¹
269 3381 326 3436 qua
341 3363 454 3434 ingenii
470 3363 631 3424 habebant,
650 3360 888 3427 contemnebant,
906 3369 969 3414 tum
986 3362 1068 3418 deni·

270 3476 342 3530 que,
360 3461 438 3530 quia,
457 3475 531 3529 quaa
549 3461 628 3512 lesus
647 3455 682 3507 da
699 3455 798 3507 divina
815 3469 867 3506 sua
885 3455 999 3510 dixerat
1014 3478 1067 3514 na.

267 3563 349 3620 tim,
367 3555 510 3623 quomodo
527 3555 559 3605 in
576 3553 683 3624 ipsum,
707 3549 859 3609 hominem
876 3555 979 3612 cadere
996 3575 1065 3630 por·
1165 3595 1170 3604 =

267 3652 340 3719 sint,
359 3667 418 3703 non
435 3650 647 3722 percipiebant.
