2917 4684
503 439 724 512 ..31-

164 647 263 712 quum
286 640 485 712 opportuum
516 626 599 688 adsit
634 639 760 704 tempus
793 625 941 685 cunctari
970 623 1060 686 velie.

166 736 1062 828 Quareelterutrumlocorumaiiterdebebisexplicare.

163 852 327 934 Iamvero,
342 852 469 937 quidni,
488 873 568 934 quae
585 853 671 935 apud
679 852 885 914 Matthaeum
894 854 1061 934 leguntur,

166 969 210 1030 sic
218 969 399 1050 intelligis?
412 969 571 1031 ioannem
587 966 778 1046 discipulos,
789 965 927 1025 Iudaicis
943 966 1064 1026 errori·

165 1079 226 1140 bus
236 1081 436 1160 thoecetos,
449 1082 586 1163 sibique,
603 1083 710 1146 Iesum
721 1096 837 1140 verum
846 1076 998 1138 Messium
1008 1077 1063 1138 de·

167 1193 322 1273 clarenti,
348 1193 448 1256 fidem
470 1216 544 1257 non
564 1196 742 1269 hebentes,
765 1193 807 1254 ad
831 1192 926 1252 illum
954 1192 1064 1272 ipsum

165 1307 312 1383 misisse,
336 1321 373 1368 ut
394 1309 684 1391 persuaderentur.
711 1283 826 1368 Obstat
846 1317 960 1366 tamen
980 1281 1064 1364 huie

164 1418 233 1481 loci
262 1421 474 1500 explicationi
503 1445 531 1486 v.
550 1438 595 1486 11.
624 1423 774 1486 eiusdem
795 1417 954 1482 Matthaei
976 1420 1066 1498 capi·

164 1533 217 1594 tis.
284 1533 370 1613 Quia
399 1538 491 1598 enim
520 1535 608 1597 Iesus
640 1537 705 1598 hoc
734 1554 829 1596 versu
858 1547 890 1595 et
917 1530 1065 1612 sequenti

166 1642 328 1706 Ioannem
351 1650 529 1728 vituperat,
551 1649 587 1708 in
611 1667 665 1724 eo,
695 1647 784 1727 quod
805 1647 947 1706 Ioannes
971 1642 1066 1703 disci-

165 1757 259 1840 pulos
292 1759 334 1821 ed
361 1762 473 1840 ipsum
501 1762 647 1836 miserit,
684 1780 796 1820 caussa
817 1756 1065 1837 vituperationis

169 1871 355 1954 quaerenda
377 1871 521 1935 videtur.
552 1874 661 1952 Quare
683 1873 728 1930 sic
750 1871 863 1930 locum
885 1867 1065 1948 intelligere

165 1981 329 2046 Ioannem
367 1983 476 2045 Ieeuni
510 1987 670 2046 missione
705 1977 763 2043 illa
805 1979 983 2042 admonere
1012 2001 1066 2041 vo·

100 2131 106 2136 -
166 2094 285 2172 luisse,
316 2110 353 2158 ut
376 2098 551 2161 consilium
573 2097 825 2180 (nequissimi,
861 2113 957 2176 quem
979 2092 1067 2174 quod

169 2210 240 2291 ipse
261 2211 323 2272 sibi
347 2224 563 2293 proposuerat
582 2211 683 2288 Iesus)
707 2212 851 2272 velocius
873 2209 1067 2289 graviusque

170 2336 415 2403 exsequeretur:
454 2323 565 2386 Iesum
595 2337 704 2386 autem
733 2323 818 2385 hanc
840 2323 973 2384 Ioannis
1005 2321 1067 2378 im-

166 2437 356 2514 patientiam
392 2450 489 2516 atque
520 2439 780 2519 inopportunum
816 2437 982 2498 fervorem
1016 2455 1068 2496 re·

168 2546 390 2628 prehendisse.
413 2550 450 2608 V.
469 2565 519 2614 12.
552 2547 591 2612 de
622 2552 700 2612 vitio
733 2550 912 2611 hominum
941 2547 1068 2629 dictum

169 2671 282 2740 putes,
325 2656 414 2738 quod
435 2659 538 2738 bone,
575 2679 657 2742 quae
681 2663 829 2740 ceperint
851 2659 987 2720 consilia
1007 2657 1070 2718 ier·

171 2790 249 2832 vore
285 2773 373 2834 mele
408 2771 521 2834 sedulo
555 2788 587 2834 et
615 2773 823 2836 vehementia
856 2773 999 2861 minipne
1021 2790 1068 2832 sa·

169 2882 276 2963 pienti
305 2905 434 2967 semper
457 2886 528 2948 iere
550 2889 643 2950 irrita
673 2887 804 2950 faciant.
869 2887 938 2969 Cui
955 2899 1068 2946 tamen

170 2993 254 3058 haec
281 2999 365 3062 iusto
396 3001 508 3062 durior
525 3001 671 3063 videtur
694 3003 884 3084 explicatio,
914 3002 1070 3079 locusque

171 3107 336 3173 Matthaei
364 3114 524 3176 Ioannem
553 3118 622 3177 veri
652 3114 725 3176 Iesu
754 3117 887 3178 consilii
915 3090 1077 3197 ignarum¹

173 3220 332 3283 exhibens
357 3227 476 3307 (neque
496 3245 634 3309 negem,
659 3241 747 3289 uta.
771 3227 858 3289 hanc
879 3230 908 3288 si
931 3225 1068 3305 explica·

171 3335 302 3396 tionem
330 3339 491 3416 sequeris,
529 3313 633 3421 aptius
664 3352 697 3398 te
726 3359 819 3420 posse
839 3337 1067 3418 interpretari)

118 3435 122 3446 ⁵
171 3445 403 3530 refugiendum
427 3464 475 3511 est
504 3450 545 3510 ed
568 3470 658 3526 eam,
689 3472 785 3533 quem
808 3451 973 3513 Gablerus
993 3467 1068 3528 pro·
1142 3503 1146 3511 ,

170 3563 247 3623 tulit
257 3561 322 3623 loai
339 3561 479 3623 Ioanuei
491 3565 817 3653 interpretationem:
845 3585 933 3638 ecce,
958 3580 1067 3642 eguus

170 3673 245 3770 Dei,
270 3677 329 3757 qui
339 3677 507 3758 patienter
518 3657 597 3762 fert
611 3680 813 3762 pravitatem
835 3678 957 3741 mundi.
981 3675 1069 3739 Mihi
