2917 4684
415 722 507 798 dem,
547 739 628 800 quae
659 715 852 776 verbotenus
884 732 960 774 curu
989 713 1137 776 versione
1169 715 1309 779 Alexan·

416 837 511 897 drina
540 841 741 914 congruant,
776 841 845 889 tarn
873 827 988 908 paucis
1018 839 1130 887 autem
1158 842 1308 892 constent

416 947 538 1022 verbis,
561 957 597 1006 ut
619 941 670 1002 vel
692 941 809 1002 seriem
829 943 975 1023 ipsorum
997 941 1157 1003 memoria
1176 961 1234 1024 pro
1256 944 1308 1005 lu.
1377 1023 1385 1034 Ι

412 1061 484 1122 bitu
507 1059 653 1121 recolere
675 1057 785 1137 possit.
829 1055 916 1116 Nam
937 1056 1038 1116 sicet
1064 1070 1194 1118 nostrae
1221 1069 1305 1118 aeta-

412 1173 451 1234 tis
474 1172 625 1232 homines
647 1172 775 1232 indocti
796 1171 943 1234 breviora
964 1165 1087 1230 codicis
1109 1146 1134 1233 s.
1147 1167 1244 1232 effata
1264 1170 1307 1232 atl

412 1286 550 1346 verbum
571 1286 758 1366 saepissime
779 1286 959 1345 memoriae
979 1283 1240 1346 inculcaverant.
1264 1285 1306 1348 cs.

411 1397 471 1458 Mt.
489 1408 519 1474 5,
546 1402 599 1476 38.
646 1396 827 1471 (Eronos,
851 1397 919 1477 24.)
942 1391 1125 1477 ὀφθαλμον
1144 1392 1219 1460 ἀντι
1240 1395 1304 1478 op-

410 1509 544 1587 sannae
569 1523 627 1568 nott
654 1501 777 1568 όδοντα
803 1504 876 1568 ἀντι
904 1504 1046 1568 aomos.
1086 1543 1126 1554 -·
1172 1526 1304 1595 19,19.

412 1623 596 1706 ἀγαπησεις
621 1635 680 1682 τον
706 1619 845 1701 stirpator
872 1627 938 1681 ooo
965 1614 1014 1680 ὡς
1042 1627 1185 1683 destinor
1207 1621 1303 1698 (Lev.

412 1757 469 1822 19,
495 1739 557 1812 18.)
582 1734 637 1795 Sic
657 1734 799 1818 quoque,
821 1754 903 1815 quae
924 1733 1033 1814 paullo
1053 1735 1200 1814 pluribus
1223 1755 1304 1797 con-

410 1864 496 1912 stant
519 1848 634 1921 verbis,
659 1847 774 1930 eclogia
793 1849 879 1910 facta
900 1845 1065 1921 videntur,
1087 1867 1170 1927 quae
1191 1861 1303 1910 tamen

411 1963 604 2025 verbotenus
635 1980 711 2021 cum
739 1961 817 2022 V.T.
847 1980 916 2022 non
945 1976 1132 2024 consonant
1177 1963 1217 2025 cf.
1239 1961 1299 2024 Mt

411 2089 469 2156 19,
492 2087 522 2157 5.
568 2070 674 2150 (Gen.
688 2084 725 2147 2,
750 2074 822 2152 24)
858 2071 918 2128 ubi
953 2073 1034 2130 levis
1064 2074 1211 2133 variatio.
1257 2063 1322 2135 cf.'

407 2183 580 2258 Marcio,
603 2197 635 2264 7.
659 2215 695 2228 -
741 2181 851 2262 Mt.4,
876 2193 923 2240 ιο.
967 2180 1128 2260 (Denta,
1153 2184 1220 2266 13.)
1241 2187 1301 2249 ubi

409 2297 529 2378 singul.
552 2312 612 2374 pro
632 2293 766 2375 plurali.
789 2326 832 2340 -
854 2291 912 2352 Mt.
922 2304 973 2370 22,
997 2307 1048 2376 32.
1071 2293 1226 2378 (Exod.3‚
1248 2293 1299 2380 6.)

407 2410 465 2472 ubi
486 2407 644 2470 articulus
665 2404 794 2468 atlditus
816 2419 873 2468 est.
916 2406 965 2468 Cf.
988 2407 1075 2469 locos
1095 2408 1276 2487 parallelos.

491 2639 519 2686 2.
544 2621 620 2685 Hoc
648 2636 815 2707 praeterea
841 2626 958 2705 primis
987 2624 1174 2687 doctoribus
1202 2624 1299 2688 Chri·

405 2737 516 2798 stianis
538 2740 642 2820 iisque
669 2738 863 2818 praecipue,
900 2740 956 2820 qui
977 2739 1176 2802 ludaeorum
1203 2741 1297 2801 exsti·

402 2863 511 2913 terant
525 2851 682 2933 magistri,
703 2849 869 2932 agendum
893 2864 973 2926 erat,
994 2865 1032 2913 ut
1051 2851 1162 2916 Iesum
1181 2870 1297 2913 verum

402 2983 471 3024 esse
488 2965 643 3025 Messium
664 2981 703 3024 ex
724 2963 804 3026 V.T.
826 2962 1004 3045 probarent
1024 2965 1196 3041 vaticiniis,
1218 2963 1297 3025 Pro·

402 3075 578 3156 phetarum
605 3074 813 3156 aliorumque
842 3077 1039 3157 scriptorum
1065 3099 1103 3140 ss.
1126 3075 1223 3139 effata
1244 3075 1295 3138 vel

402 3205 514 3250 revera
534 3187 906 3271 Messian-spectantia,
928 3188 982 3250 vel
1005 3189 1048 3250 ad
1067 3189 1223 3252 Messium
1242 3206 1295 3249 re-

401 3303 464 3362 lata
484 3300 670 3384 allegantes.
715 3303 789 3383 Qua
814 3301 913 3364 dere
933 3302 1135 3377 Matthaeus,
1162 3301 1292 3363 Iudaeis
1409 3372 1410 3377 η

396 3413 612 3496 Evangelium
633 3433 730 3476 suum
753 3416 932 3493 destinans,
965 3415 1155 3494 ubicunque
1176 3426 1291 3496 potest,

401 3525 443 3586 ad
464 3545 520 3601 ea,
543 3529 624 3612 quae
645 3525 685 3588 de
706 3525 782 3590 Iesu
802 3540 928 3605 narrat,
951 3547 1025 3591 vera
1045 3528 1227 3610 probanda,
1249 3525 1292 3586 acl
1408 3510 1409 3537 *

399 3635 481 3698 V.T.
505 3654 658 3719 provocat
684 3655 720 3704 et
740 3641 867 3721 saepius
889 3639 1023 3722 quidem
1043 3653 1194 3724 provocat
1214 3636 1291 3696 reli·
1407 3658 1408 3687 1

402 3749 703 3838 quisEvangelistit.
741 3753 900 3820 Matthaei
920 3755 1023 3838 igitur
1042 3751 1195 3838 inprimit
1219 3767 1292 3811 exa·

1404 3878 1406 3987 l
