2917 4684
749 492 974 562 ...66-

425 691 523 770 Quod
544 693 678 772 quidem
699 693 739 753 in
757 687 881 753 maiora
901 690 983 758 V.T.
1010 692 1181 768 vaticinia,
1204 695 1314 774 qualia

423 802 589 882 Matth.1,
613 819 664 884 93.
703 817 763 880 21,
784 818 835 886 49.
864 821 901 887 4,
920 799 950 866 6.
973 816 1006 863 et
1026 803 1076 862 all.
1098 823 1169 864 non
1198 805 1316 867 cadere
1403 808 1404 875 ζ

424 935 516 994 posse
546 918 680 997 quisque
709 917 803 980 videt.
847 912 1016 987 booetius
1033 915 1119 993 quod
1139 916 1316 1000 Evangeli-
1403 904 1404 963 Ῐ

424 1041 509 1103 otae,
537 1029 628 1089 unde
657 1030 753 1092 verba
776 1031 836 1092 illa
861 1032 930 1090 sint
957 1029 1121 1103 desumto,
1150 1029 1321 1109 ignorasse
1403 1028 1404 1073 ἶ

425 1138 597 1218 videntur,
635 1139 677 1203 ati
708 1157 767 1222 την
797 1157 940 1225 γραφην
979 1153 1106 1202 tantum
1138 1158 1318 1220 provocari·
1403 1172 1404 1225 j

425 1269 481 1318 tas.
545 1256 618 1316 Alia
638 1255 707 1316 huc
729 1273 856 1337 quoque
877 1255 995 1317 referri
1024 1263 1129 1337 potest
1156 1253 1317 1336 allegatio,
1403 1236 1404 1259 i

426 1384 524 1444 quam
554 1367 641 1446 apud
669 1369 788 1429 Matth.
807 1381 863 1447 13,
891 1380 943 1450 35.
981 1369 1142 1448 reperies:
1184 1367 1252 1426 nisi
1285 1381 1320 1427 et

426 1478 484 1539 hic
512 1477 611 1539 verba
637 1496 704 1538 των
735 1473 756 1538 ό
786 1479 932 1539 consulto
961 1498 981 1538 a
1008 1476 1174 1538 Matthaeo
1195 1490 1324 1540 mutata
1403 1474 1404 1527 ἶ

427 1604 514 1664 sunt,
540 1591 679 1672 ideoque
708 1590 805 1651 verba
837 1591 955 1674 Paqss,
982 1605 1013 1653 9.
1036 1589 1227 1650 memoriter
1245 1609 1321 1655 non

426 1703 559 1782 prolata.
582 1701 637 1767 vid
658 1701 738 1786 Hug
758 1699 894 1787 pag.61.

514 2021 606 2082 Aliae
639 2022 687 2082 sio
724 2019 837 2081 obviae
862 2031 940 2080 sunt
971 2021 1195 2103 allegationes,
1228 2035 1322 2096 quae,
1403 2056 1404 2113 t

430 2131 559 2191 etiamsi
582 2133 622 2190 de
643 2133 735 2206 lesu,
757 2127 890 2205 Massia,
920 2149 940 2188 a
960 2130 1156 2190 Iudaeorum
1176 2127 1326 2204 Christe,
1403 2128 1404 2201 ᾗ

429 2241 517 2324 logia
541 2242 642 2303 alicui
663 2239 751 2304 nihil
770 2235 978 2320 praedicent,
998 2241 1187 2323 memoriter
1208 2241 1326 2304 allatae
1403 2246 1404 2317 J

428 2370 500 2413 non
521 2352 683 2414 videntur.
728 2351 777 2414 cf.
800 2350 982 2427 Matthme,
1013 2367 1064 2436 44
1087 2353 1158 2426 colb
1181 2353 1261 2414 Luc.
1269 2369 1323 2428 9ο,
1403 2370 1404 2415 t

430 2477 472 2546 49
493 2463 655 2542 (Pauo,
681 2467 722 2544 1.)
746 2463 883 2527 Iudaeos
906 2482 988 2542 quae
1009 2485 1110 2546 quum
1132 2466 1173 2528 de
1191 2465 1323 2548 regibus
1403 2446 1404 2503 3

432 2578 594 2654 omnibus,
617 2593 687 2639 tum
709 2578 754 2640 de
772 2577 899 2638 Davitie
914 2574 1156 2656 praedicabant,
1181 2577 1224 2639 ad
1237 2579 1327 2639 Mes·
1403 2578 1404 2653 ξ

431 2695 512 2752 siam
545 2709 778 2770 saepenumero
809 2688 1002 2751 retulerunt.
1073 2691 1183 2770 Quare
1216 2689 1328 2749 locum

431 2804 625 2866 Psalmistao
648 2821 779 2886 quoque
808 2799 850 2859 ad
875 2803 1032 2865 Messium
1055 2801 1155 2864 facile
1177 2813 1330 2882 poterant

431 2917 581 2994 allegare.
625 2917 674 2976 Ex
701 2914 773 2975 loco
798 2911 958 2976 Matthaei
982 2926 1092 2999 tamen
1119 2914 1188 2993 ipso
1213 2917 1251 2990 (v.
1261 2911 1325 2995 46.)

430 3023 514 3085 haee
534 3026 706 3086 verborum
732 3023 920 3085 Psalmiotae
944 3025 985 3086 de
1001 3025 1125 3089 Messia
1157 3025 1331 3104 explicatio

432 3134 559 3197 Iudaeis
583 3138 728 3199 insolens
752 3137 852 3198 fuisse
873 3138 1011 3200 videtur.
1062 3138 1112 3200 cf.
1139 3137 1257 3213 Acte,
1275 3149 1332 3218 25.

432 3253 487 3316 Sic
514 3252 636 3314 Iesaiae
661 3251 762 3328 looua,
787 3248 977 3333 aLuca(4,
1000 3249 1065 3331 18.)
1086 3248 1229 3332 prolatus
1255 3248 1330 3325 (Ies.

436 3364 493 3444 61,
523 3369 563 3444 1.)
592 3364 679 3428 nihil
700 3364 805 3427 alieni
820 3363 950 3426 exhibet
967 3362 1082 3441 abiis,
1105 3379 1186 3440 quae
1211 3359 1332 3421 Iudaei

437 3476 578 3542 Messiae
611 3475 821 3539 tribuebant..
873 3472 1052 3536 ctMattn
1080 3475 1215 3550 (a,18).
1263 3469 1336 3551 Lu·

443 3610 495 3651 cas
523 3606 633 3654 tamen
660 3589 759 3650 verba
789 3584 969 3670 prophetae
995 3588 1188 3649 memoriter
1222 3595 1338 3664 protu-
1403 3608 1404 3625 .

436 3701 513 3766 liare
535 3723 604 3766 non
628 3701 771 3784 videtur,
801 3700 1070 3782 quamquamaiia
1092 3697 1202 3761 omisit
1217 3697 1338 3774 (verba
