2917 4684
761 431 984 518 ..46-

423 625 595 688 recitandis
629 628 668 690 V.
680 627 719 688 T.
756 629 849 690 locis.
913 604 1116 705 Matthaeus,
1155 631 1319 694 intimum

422 743 510 804 inter
548 741 717 812 historiam
754 740 950 806 Iudaeorum
992 743 1156 822 antiquam
1190 755 1225 804 et
1267 731 1320 806 ¹re-

421 854 640 921 centissimam
688 873 875 918 connexum
929 853 1114 936 explicandi
1159 856 1317 938 cupidus,

351 1027 354 1032 .
419 969 494 1046 Iesu
537 969 576 1030 in
620 970 804 1052 Aegyptum
840 968 954 1048 fugam
993 966 1200 1050 reditumque
1239 968 1317 1028 feli-

422 1101 493 1143 cem
530 1098 704 1156 enarrans,
753 1079 878 1142 reditus
920 1079 1143 1148 Israelitarum
1179 1098 1218 1139 ex
1251 1081 1316 1138 Ae-

419 1207 517 1278 gypto
537 1192 745 1269 recordatur,
774 1195 847 1273 qui,
882 1203 1037 1270 tanquam
1058 1209 1225 1252 summum
1245 1190 1313 1252 Dei

345 1284 347 1292 ¹
418 1307 457 1372 in
479 1308 566 1384 ipsos
586 1306 708 1378 amotis
726 1306 970 1376 testimonium,
997 1305 1222 1384 cuiuscunque
1241 1321 1311 1362 me-

417 1418 546 1486 moriae
562 1415 771 1491 inhaerebat,
799 1434 911 1496 neque
930 1417 1041 1477 minus
1061 1415 1125 1476 Dei
1145 1415 1186 1476 in
1206 1413 1311 1474 Israe-

416 1527 489 1591 litas
517 1528 639 1602 amoris,
664 1529 892 1592 testimonium
916 1527 954 1586 in
982 1516 1084 1586 simili
1105 1526 1179 1586 Iesu
1207 1537 1309 1594 sorte,
1332 1538 1335 1542 ·

384 1641 390 1653 '
417 1657 478 1718 qua
499 1636 644 1700 Herodis
673 1641 817 1712 feliciter
838 1644 1016 1706 evitaverat
1032 1638 1188 1710 insidias,
1221 1647 1310 1716 pate-
1396 1660 1399 1663 ·

415 1753 540 1819 factum
561 1749 658 1812 videt.
724 1755 836 1836 Quare
860 1753 974 1816 locum
994 1751 1178 1834 quendam,
1214 1761 1246 1810 et
1266 1747 1308 1808 il-

415 1867 481 1927 lam
507 1867 621 1947 populi
646 1867 744 1928 totius
778 1880 810 1927 et
838 1866 913 1927 Iesu
945 1881 1066 1928 sortem
1095 1875 1306 1945 spectantem,

413 1979 545 2054 recitat,
569 1977 747 2056 eademque
768 1977 826 2038 hic
846 1984 896 2040 uti
918 1981 1046 2040 videtur
1066 1974 1232 2055 allegandi
1253 1993 1307 2034 re·

412 2089 518 2161 tione,
562 2107 658 2166 quam
694 2088 841 2166 sequitur
866 2105 931 2166 cap.
945 2101 983 2160 2,
1029 2099 1079 2170 23.
1113 2084 1174 2153 ubi
1209 2085 1307 2145 verba

412 2197 569 2280 quaedam
581 2196 763 2278 Prophetae
786 2196 919 2259 cuidam
941 2198 1098 2276 attribuit,
1121 2217 1205 2279 quae
1222 2219 1303 2263 nus-

411 2331 508 2392 quam
530 2309 749 2391 reperiuntur.
786 2310 895 2390 Quare
918 2310 1034 2372 eadem
1055 2313 1093 2373 in
1114 2300 1225 2372 Hosea
1242 2308 1301 2377 on·

409 2443 542 2502 eurrere
571 2423 687 2498 verba,
726 2422 818 2484 casui·
840 2426 949 2504 potius
971 2424 1187 2487 tribuendum
1207 2421 1300 2486 vide·

409 2537 538 2616 turn).

445 2753 727 2774 ’tm—*-

437 2919 483 2986 51)
501 2920 654 2978 Caeterum
670 2921 810 2994 populum
827 2919 1023 2981 israeliticum
1043 2917 1076 2970 in
1093 2918 1163 2971 vssr.
1181 2921 1294 2992 saepius

504 3013 599 3065 lilium
621 3019 676 3068 Dei
699 3017 882 3069 nominatum
905 3013 1042 3066 videmus.
1071 3011 1109 3063 ct.
1139 3014 1230 3084 Em,
1249 3031 1294 3075 tte.

410 3109 415 3118 “
503 3126 546 3179 55,
580 3139 614 3150 -
647 3109 841 3180 Hieronymus
857 3110 956 3162 locum
973 3124 1007 3159 ex
1024 3107 1167 3177 Num.r3,
1185 3113 1228 3167 26.
1251 3117 1293 3168 al·
1392 3188 1399 3194 ,

501 3206 632 3278 legatum
655 3223 716 3258 esse
739 3206 874 3259 affirmat.
912 3200 1054 3256 Nonnulli
1074 3203 1164 3259 rerba
1179 3210 1293 3264 Hoseae

500 3301 709 3359 1.1.·vertunts
729 3301 762 3358 iu
779 3305 906 3373 Aegypto
928 3298 989 3350 iam
1008 3295 1103 3357 filium
1129 3315 1228 3357 meum
1248 3304 1292 3376 ip-

501 3441 566 3478 sunt
588 3425 740 3498 appellavi.
791 3382 925 3478 Attamen
947 3376 1202 3498 *nbffllss'lp
1226 3436 1286 3485 esta

410 3549 413 3558 ⁴
498 3551 597 3614 vocavi
610 3553 703 3607 filium
712 3547 942 3620 meum,nequei.
955 3566 983 3619 q.
991 3532 1059 3596 ⁸23
1080 3509 1127 3600 l5
1148 3535 1288 3624 ἯΝἿΡ.

497 3646 553 3700 vid.
570 3649 709 3717 Boeckel,
727 3651 761 3702 V.
780 3648 807 3701 S.
826 3650 876 3714 V„
893 3647 1004 3703 naseas
1021 3667 1097 3721 p.97.
