2917 4684
525 479 1014 534 ¹,-ro->‘

372 660 532 722 dacorum·
561 679 683 743 nempe
719 660 845 741 placitis
880 654 924 717 de
949 655 1088 717 Messias
1126 657 1267 738 origine,

370 787 498 847 natura,
520 773 727 844 muneribus,
751 771 830 831 fato.
851 770 944 850 Quae
966 771 993 830 si
1009 773 1080 850 quis
1095 789 1172 832 cum
1187 769 1263 843 illis,

294 885 298 890 '
373 905 454 966 quae
476 906 514 947 e„
528 907 557 968 g.
577 887 671 962 liber,
693 873 855 945 Henocho
877 879 1067 963 adscriptus,
1092 883 1132 944 de
1145 881 1265 945 iisdem

369 1000 465 1060 rebus
496 999 642 1072 exbibet,
678 985 879 1074 contulerit,
909 1007 981 1076 post
1015 993 1090 1057 Iesu
1115 1010 1265 1078 tempora

358 1114 594 1192 -eonscriptum
615 1131 683 1172 esse
706 1111 848 1190 librum,
870 1110 968 1173 facile
990 1105 1121 1172 videbit.

347 1411 352 1417 „
453 1338 544 1416 Quae
563 1336 775 1434 Iudaeorum¹
791 1339 831 1399 de
851 1335 973 1399 Messia
998 1333 1123 1396 fuerint
1142 1332 1268 1423 placito

367 1451 570 1530 pruritibus
592 1453 619 1512 si
643 1455 859 1533 exposuerim,
882 1449 1089 1530 allegationes
1110 1444 1263 1506 locorum
1328 1517 1334 1522 .
1396 1434 1397 1455 ³

368 1561 449 1622 V.T.
472 1564 733 1641 Messianorum,
767 1585 842 1647 quas
871 1565 912 1626 ab
934 1559 1150 1648 Evangelistis
1172 1553 1262 1618 vides

367 1675 517 1754 prolatas,
540 1677 682 1738 breviter
704 1679 907 1746 examinabo.
930 1679 1154 1758 Quaecunque
1168 1671 1263 1732 enim

367 1784 565 1850 Iudaeorum
588 1803 663 1852 ante
677 1789 789 1853 Iesum
809 1790 1000 1853 viventium,
1012 1807 1131 1848 recens
1151 1784 1264 1848 addita

303 1897 305 1904 ’
367 1898 521 1958 videntur
544 1901 796 1986 christologiae‚
818 1903 950 1988 ¹eodem
977 1899 1075 1963 modo
1104 1917 1167 1979 quo
1194 1897 1264 1977 pla-

303 2000 309 2012 '
368 2011 431 2068 cita
452 2011 492 2069 de
516 2013 634 2072 Messio
654 2015 852 2093 antiquiora,
881 2010 978 2082 locis,
1005 2026 1044 2066 ex
1065 2007 1145 2067 Π.
1167 2003 1262 2068 adbi-

276 2107 277 2112 '
365 2121 459 2198 bitis,
497 2121 536 2182 ab
555 2120 771 2205 Evangelistis
797 2142 867 2184 esse
892 2120 1043 2202 probata,
1081 2101 1260 2200 verisimile

365 2251 436 2293 non
459 2245 516 2297 est.
560 2234 674 2315 Neque
695 2235 741 2295 ita
763 2255 848 2312 esse,
870 2233 970 2296 altera
992 2233 1259 2316 dissertatiuncu-

363 2345 414 2407 lae
438 2357 532 2426 perte
553 2347 726 2410 ostendere
750 2348 906 2411 conabor.

388 2657 390 2662 “
464 2667 597 2727 tempore
621 2673 702 2727 spem
723 2659 849 2712 multum
871 2659 931 2711 iam
947 2667 1016 2712 ante
1033 2661 1130 2712 Iesum
1145 2668 1259 2732 tempo7
1294 2695 1298 2705 ι

351 2771 356 2782 ‘
462 2753 505 2806 ris
528 2755 694 2818 (nonnullis
712 2753 830 2822 quidem
852 2753 990 2817 mutatis)
1007 2754 1181 2822 recurrisse,
1213 2758 1257 2810 ita

464 2857 499 2901 ut
514 2849 641 2917 proximi
665 2858 736 2901 aute
752 2851 849 2901 Iesum
865 2848 958 2902 seculi
972 2865 1054 2919 spem
1070 2851 1257 2917 Messiunam,

465 2945 545 2996 inter
560 2943 791 2996 Palaestinenses
813 2945 974 3014 vigentem,
1002 2954 1032 2996 et
1050 2944 1086 2997 ad
1102 2947 1257 3016 propheta-

462 3057 529 3092 rum
545 3037 678 3108 priorum
693 3038 848 3109 vaticinia,
869 3049 899 3094 et
917 3041 953 3093 ad
970 3058 1019 3107 eo,
1043 3057 1118 3110 quoe
1135 3042 1257 3095 Iudaeos

463 3136 528 3205 ipso
546 3135 610 3186 Iesu
633 3144 766 3207 tempore
785 3137 912 3190 Messiae
933 3135 1072 3188 tribuisse
1094 3136 1155 3188 iam
1177 3136 1256 3190 ride-

462 3234 569 3302 bimus,
585 3233 705 3303 propius
723 3233 877 3288 accessisse
889 3231 1098 3301 intelligamus.
1115 3233 1157 3285 cf.
1176 3234 1256 3300 Wag-

465 3329 597 3397 scheidcr,
615 3333 703 3385 Insta-
714 3341 808 3401 pqaq.
826 3329 952 3396 ed.5tae.
969 3328 1035 3394 ubi,
1053 3348 1127 3401 quae
1143 3331 1180 3382 de
1196 3329 1256 3401 ori-

463 3426 530 3496 gine
554 3427 616 3497 spei
638 3427 803 3481 Messiauee
831 3433 944 3478 exstant
973 3424 1096 3496 scripta,
1131 3425 1257 3500 allegata

466 3531 541 3576 runt.
