2917 4684
733 415 966 466 ...20-

407 619 507 662 mana
534 601 656 681 pariter
684 617 720 658 ac
749 598 790 660 de
819 597 953 675 divina,
992 618 1017 658 s.
1049 594 1090 658 tie
1115 596 1251 660 insolita
1277 614 1311 660 et

408 711 556 774 mirabili
603 711 744 774 Messiae
775 712 906 793 origine
934 713 1096 774 sententia
1147 712 1187 774 in
1237 731 1308 774 uno

330 901 332 908 χ
410 827 591 908 eodemque
633 826 739 905 capite
780 825 914 904 prelata
1000 823 1187 886 Matthaeus
1217 826 1311 901 enirn

410 943 488 1003 Iesu
514 952 642 1020 patrem
669 939 821 999 nominat
841 934 1035 1017 Iosephum,
1065 943 1123 1016 (ι,
1148 932 1217 1014 16.)
1251 957 1309 1003 cu.

411 1055 461 1115 ius
499 1055 634 1133 stirpem
671 1051 714 1113 ad
747 1046 908 1112 Davidem
939 1051 1050 1113 refert.
1105 1050 1183 1112 'Pet
1218 1049 1309 1112 Icee·

398 1167 519 1250 *phum'
546 1167 653 1248 igitur
675 1166 765 1227 Iesus
794 1171 814 1223 e'
840 1177 937 1244 gente
958 1163 1119 1225 Davidiea
1147 1163 1310 1245 originem
1420 1152 1423 1168 ¹

410 1278 511 1357 duxit,
534 1295 642 1359 neque
666 1297 742 1338 vero
765 1295 826 1356 per
846 1275 1011 1338 Messiam.
1056 1275 1158 1337 Illum
1178 1290 1311 1359 patrem

412 1391 488 1452 Iesu
510 1391 629 1468 fuisse,
667 1412 720 1452 ree
743 1370 871 1451 summi
891 1389 1054 1451 momenti
1070 1389 1110 1450 ab
1132 1391 1203 1471 ipso
1224 1393 1308 1454 Mat·

409 1503 506 1564 thaeo
529 1495 682 1565 habenda
705 1517 834 1575 erat,-
859 1521 949 1579 nam,
971 1502 1041 1563 nisi
1060 1502 1149 1562 Iesus
1172 1485 1309 1585 Iosephi

411 1589 527 1677 fuisset
547 1611 658 1695 filino,
689 1593 835 1678 ¹Doridis
856 1600 942 1675 filius
962 1633 1032 1675 non
1052 1627 1180 1695 poterat
1201 1618 1311 1700 appel-

409 1727 484 1790 lari.
550 1729 622 1790 Iam
651 1749 728 1790 vero
752 1715 1037 1808 MatthaeueJqui
1050 1726 1155 1792 illud,
1168 1728 1311 1810 probare

409 1852 504 1901 antea
527 1854 596 1902 erat
619 1854 768 1918 conatus,
795 1843 912 1903 ecdem
936 1842 1041 1922 eapite
1062 1843 1214 1922 spiritum
1235 1864 1312 1905 ean·

415 1965 506 2012 ctum
541 1964 669 2029 patrem
696 1953 774 2011 Iesu
802 1957 903 2012 fuisse
932 1968 1071 2014 enarrat.
1104 1955 1153 2033 (v.
1169 1959 1241 2031 20.)
1271 1958 1313 2016 in

413 2079 517 2142 eoque
540 2062 668 2142 egregie
689 2081 801 2136 secum
821 2075 945 2143 pugnat
963 2065 1024 2139 ¹⁶).
1091 2065 1179 2153 Quid
1201 2080 1312 2129 autem

418 2293 701 2314 Μ

449 2433 492 2500 16)
510 2434 603 2486 Lucas
620 2435 718 2502 (Em,
746 2440 801 2505 25.)
818 2439 915 2490 Iesum
930 2434 1049 2506 Ioeephi
1063 2435 1159 2490 filiurn
1174 2437 1311 2496 habitum

513 2563 575 2598 esse
595 2526 835 2622 (ὦςένομιζετο)
855 2549 1018 2617 animane,
1046 2548 1134 2603 simul
1149 2560 1247 2604 tamen
1264 2571 1310 2623 eo,

515 2640 593 2710 quod
603 2641 720 2712 Iosephi
732 2642 811 2695 filius
827 2644 928 2713 fuerit,
944 2642 1063 2698 navidis
1081 2646 1171 2698 etiam
1187 2645 1310 2717 prolem,

514 2735 561 2788 vel
581 2735 637 2786 Dei
664 2736 760 2788 filium
783 2755 845 2790 esse
868 2739 993 2808 probare
1015 2743 1121 2797 studet.
1143 2773 1178 2784 -
1212 2746 1312 2801 Simili

514 2815 601 2880 modo
615 2828 817 2901 Evangelistae
830 2840 890 2884 tres
901 2835 1024 2904 priores,
1040 2835 1162 2890 humani
1177 2842 1221 2894 nil
1237 2844 1312 2898 elie-

514 2941 585 2974 num
612 2939 629 2974 e
654 2929 721 2979 Iesu
744 2927 897 2994 habentes,
921 2931 1078 2999 nonnulla,
1104 2951 1178 3004 quae
1202 2939 1309 3006 Iesum,

513 3021 623 3085 Deum,
651 3037 711 3072 nou
734 3022 838 3074 decere
861 3024 935 3076 milti
955 3026 1091 3080 videntur
1108 3031 1248 3100 afferunt,
1276 3034 1311 3087 in
1421 3030 1422 3039 ¹

514 3131 607 3184 eoque
625 3115 714 3168 etiam
738 3135 836 3192 secum
859 3136 987 3190 pugnare
1008 3122 1056 3174 vix
1077 3142 1184 3195 negare
1206 3128 1311 3199 poesie.

514 3233 613 3303 Quare
619 3233 742 3285 Ioannes
760 3233 792 3286 in
804 3235 1017 3306 πνευματικῳ
1027 3254 1079 3290 ouo
1087 3237 1244 3308 Evangelio
1255 3239 1310 3292 illa

512 3325 619 3380 ontisit.
674 3327 761 3380 Talia
781 3328 904 3398 habeas,
934 3349 1007 3400 quae
1025 3332 1227 3400 Evangelistae
1246 3342 1309 3387 tres

512 3438 625 3510 priores
644 3437 812 3509 parabolice
830 3458 851 3494 s.
870 3443 1027 3514 allegorice
1044 3457 1166 3500 narrant
1183 3448 1218 3500 de
1236 3433 1309 3494 δῖα·

515 3537 679 3614 λογῑΐμοῑέ
697 3549 729 3602 in
753 3552 819 3604 Iesu
835 3562 953 3622 pectore
970 3557 1087 3610 exortia.
1141 3561 1308 3628 Math.4‚t

511 3660 572 3716 sqq.
606 3645 736 3713 Marci,
761 3662 815 3700 ιο.>
837 3648 906 3705 Luc.
919 3668 951 3719 4,
972 3671 983 3704 r
1005 3672 1068 3726 sqq.
1104 3655 1230 3724 quae.de
1245 3672 1309 3710 me·
