2917 4684
696 588 835 696 ··,⁵⁰
874 609 926 628 ...

365 783 535 854 praecepta
557 771 697 834 moralia
718 785 751 834 et
766 773 900 835 ritualia
920 780 1115 853 spectantem
1137 785 1266 849 nequa·

367 905 464 966 quam
486 899 596 949 autem
619 886 737 948 eodem
757 886 859 948 modo
880 903 1010 966 semper
1028 883 1148 947 afferre
1169 892 1267 963 pote⁴

367 1010 442 1058 rant
463 996 544 1060 V.T.
566 1000 672 1077 locos,
711 1000 861 1083 dogmata
881 999 922 1060 de
943 998 1019 1060 lesu
1038 995 1176 1072 Messio,
1211 997 1269 1054 ree

369 1127 447 1173 cens
470 1110 705 1196 cummagno
725 1112 851 1192 artata,
873 1093 1062 1195 aromata.

453 1296 605 1360 Primum
625 1300 729 1382 igitur
752 1301 793 1362 de
814 1297 1083 1382 allegationibus,
1105 1293 1269 1358 memori-

369 1419 419 1470 ter
439 1409 587 1491 prolatis,
611 1423 759 1486 acturus,
785 1409 849 1472 hoc
869 1423 990 1472 statuo:

416 1562 446 1638 1)
469 1560 518 1622 Ex
541 1564 619 1645 ipsis
643 1582 719 1624 cum
743 1563 893 1623 versione
902 1562 993 1649 Alex.
1017 1560 1151 1633 collatis,
1175 1575 1270 1620 suam

371 1674 456 1754 ipsas
478 1675 641 1756 originem
664 1695 682 1735 e
703 1676 863 1736 memoria
886 1674 1008 1734 ducere
1030 1689 1196 1753 apparere.

416 1826 453 1905 2)
475 1845 544 1904 res,
580 1848 655 1910 quas
678 1841 840 1910 spectent,
862 1826 1094 1908 Evangelistis,
1126 1822 1268 1896 Iudaeis,

373 1956 445 2000 non
466 1939 567 2000 luisse
589 1942 726 2020 ignotas,
750 1959 888 2019 quarum
910 1940 994 2000 aliae
1015 1940 1102 2020 leges
1125 1953 1271 1996 ceremo-

373 2047 480 2109 niales
503 2062 536 2109 et
556 2051 714 2123 morales,
735 2049 819 2108 aliae
840 2046 989 2128 dogmata
1009 2044 1174 2106 Massiena
1195 2061 1273 2104 vere

374 2154 524 2235 Iudaica,
547 2179 654 2240 neque
677 2155 868 2219 Christiana
887 2171 1038 2240 tangunt.
1088 2160 1140 2220 De
1158 2141 1272 2242 singu-

375 2272 414 2334 lis
435 2272 535 2353 igitur
555 2273 682 2356 singula
702 2271 760 2331 illa
781 2272 998 2349 spectantibus
1020 2270 1271 2352 allegationibus

376 2385 446 2444 iam
469 2385 612 2446 breviter
635 2382 798 2466 agendum
820 2386 884 2446 erit
899 2388 963 2461 8θ).

388 2571 671 2593 m*

413 2699 460 2766 53)
473 2699 518 2750 De
536 2699 762 2768 allegationibus
796 2699 953 2754 Messianis
993 2696 1150 2766 praecipue
1189 2695 1266 2749 milri

481 2793 595 2864 agenti,
630 2792 820 2860 allegationes
848 2809 894 2844 res
918 2791 1075 2842 historicas
1108 2797 1272 2860 tangentes,

483 2905 571 2958 quae,
610 2889 725 2942 etiamsi
747 2887 870 2951 Iudaeis,
892 2887 1064 2956 priusquam
1087 2901 1153 2936 vere
1171 2902 1272 2937 evene-

480 2981 556 3047 rint,
584 2983 700 3050 ignotae
717 2989 816 3046 erant,
845 2977 1014 3032 memoriter
1036 2989 1105 3032 sunt
1121 2980 1271 3049 recitatae,

385 3073 389 3082 '
482 3091 543 3128 non
565 3077 764 3137 adversantur.
788 3075 825 3127 cf.
849 3083 996 3127 caeterum
1014 3075 1157 3128 Surenhus.
1176 3091 1274 3146 garyo-

483 3170 535 3223 nbi
545 3172 617 3226 baec
627 3175 777 3245 leguntur:
793 3172 865 3244 “qui
876 3169 979 3238 credit,
995 3171 1152 3240 scriptores
1165 3187 1200 3221 ss.
1214 3185 1274 3222 me·

484 3267 608 3322 moriter
631 3270 701 3322 V.T.
724 3269 878 3338 allegasse,
908 3266 991 3320 valde
1015 3265 1195 3336 periculosus
1220 3273 1273 3332 est,

484 3381 554 3418 nam
570 3375 634 3418 tum
651 3365 722 3418 Ν.Τ.
740 3363 818 3440 fides
832 3369 918 3430 atque
935 3361 1078 3414 autoritas
1094 3377 1168 3429 pene
1186 3361 1275 3413 colla-

485 3459 606 3514 beretur
629 3469 659 3513 et
675 3458 757 3512 illius
774 3458 856 3512 nulla
872 3472 941 3527 prae
959 3455 1025 3510 aliis
1044 3457 1193 3510 autoribus
1210 3473 1274 3526 pro-

485 3556 564 3608 fanis
575 3566 651 3609 esset
662 3554 863 3608 excellentia'¹.
876 3583 908 3593 -
926 3555 960 3606 Iu
972 3553 1170 3605 examinandis
1182 3553 1274 3603 Evan-

486 3650 658 3716 gelistarurn
681 3650 918 3720 allegationibus,
946 3649 1025 3702 inter
1051 3648 1118 3702 illas
1138 3661 1210 3716 quas
1231 3646 1276 3696 Ie-

491 3760 554 3816 sus,
585 3763 714 3819 quasque
735 3746 836 3800 Iudaei
854 3753 888 3822 ¹ut
903 3744 1107 3815 Evangelistae
1122 3743 1179 3813 ipsi
1196 3739 1277 3796 adbi-
