<?xml version="1.0" encoding="UTF-8"?>
<!DOCTYPE html PUBLIC "-//W3C//DTD XHTML 1.0 Transitional//EN"
    "http://www.w3.org/TR/xhtml1/DTD/xhtml1-transitional.dtd">
<html xmlns="http://www.w3.org/1999/xhtml" xml:lang="en" lang="en">
 <head>
  <title>
</title>
<meta http-equiv="Content-Type" content="text/html;charset=utf-8" />
  <meta name='ocr-system' content='tesseract 3.04.00' />
  <meta name='ocr-capabilities' content='ocr_page ocr_carea ocr_par ocr_line ocrx_word'/>
</head>
<body>
  <div class='ocr_page' id='page_1' title='image "./deiisquaeadcogn00moragoog_0050.png"; bbox 0 0 2917 4684; ppageno 0'>
   <div class='ocr_carea' id='block_1_1' title="bbox 720 487 953 566">
    <p class='ocr_par' dir='ltr' id='par_1_1' title="bbox 720 487 953 566">
     <span class='ocr_line' id='line_1_1' title="bbox 720 487 953 566; baseline -0.013 -29"><span class='ocrx_word' id='word_1_1' title='bbox 720 487 953 566; x_wconf 71' lang='lat'>-48—</span> 
     </span>
    </p>
   </div>
   <div class='ocr_carea' id='block_1_2' title="bbox 362 655 1360 1434">
    <p class='ocr_par' dir='ltr' id='par_1_2' title="bbox 362 655 1334 766">
     <span class='ocr_line' id='line_1_2' title="bbox 362 655 1334 766; baseline -0.007 -22"><span class='ocrx_word' id='word_1_2' title='bbox 362 684 429 766; x_wconf 34' lang='lat' dir='ltr'><strong>‚ba</strong></span> <span class='ocrx_word' id='word_1_3' title='bbox 450 682 617 764; x_wconf 77' lang='lat' dir='ltr'><strong>quadrant.</strong></span> <span class='ocrx_word' id='word_1_4' title='bbox 673 681 714 742; x_wconf 87' lang='lat' dir='ltr'><strong>ln</strong></span> <span class='ocrx_word' id='word_1_5' title='bbox 744 655 885 760; x_wconf 77' lang='lat' dir='ltr'><strong>utroque</strong></span> <span class='ocrx_word' id='word_1_6' title='bbox 919 691 967 738; x_wconf 90' lang='lat' dir='ltr'><strong>tot</strong></span> <span class='ocrx_word' id='word_1_7' title='bbox 995 674 1090 736; x_wconf 83' lang='lat' dir='ltr'><strong>rerba</strong></span> <span class='ocrx_word' id='word_1_8' title='bbox 1112 672 1277 738; x_wconf 84' lang='lat' dir='ltr'><strong>cumillis</strong></span> <span class='ocrx_word' id='word_1_9' title='bbox 1331 759 1334 762; x_wconf 7' lang='grc' dir='ltr'><strong><em>ἦ</em></strong></span> 
     </span>
    </p>

    <p class='ocr_par' dir='ltr' id='par_1_3' title="bbox 386 769 1360 1434">
     <span class='ocr_line' id='line_1_3' title="bbox 391 769 1360 874; baseline -0.005 -18"><span class='ocrx_word' id='word_1_10' title='bbox 391 789 583 870; x_wconf 73' lang='lat' dir='ltr'><strong>consonant,</strong></span> <span class='ocrx_word' id='word_1_11' title='bbox 612 807 688 874; x_wconf 90' lang='lat' dir='ltr'><strong>quot</strong></span> <span class='ocrx_word' id='word_1_12' title='bbox 708 795 749 854; x_wconf 91' lang='lat' dir='ltr'><strong>ab</strong></span> <span class='ocrx_word' id='word_1_13' title='bbox 769 795 808 855; x_wconf 92' lang='lat' dir='ltr'><strong>iis</strong></span> <span class='ocrx_word' id='word_1_14' title='bbox 831 792 1027 870; x_wconf 88' lang='lat' dir='ltr'><strong>discrepant.</strong></span> <span class='ocrx_word' id='word_1_15' title='bbox 1059 788 1133 865; x_wconf 79' lang='lat' dir='ltr'><strong>(vid</strong></span> <span class='ocrx_word' id='word_1_16' title='bbox 1157 791 1276 852; x_wconf 86' lang='lat' dir='ltr'><strong>Ierem.</strong></span> <span class='ocrx_word' id='word_1_17' title='bbox 1356 769 1360 790; x_wconf 63' lang='lat'><em>⁶</em></span> 
     </span>
     <span class='ocr_line' id='line_1_4' title="bbox 388 902 1313 993; baseline -0.006 -21"><span class='ocrx_word' id='word_1_18' title='bbox 388 923 447 993; x_wconf 78' lang='lat'><strong>32,</strong></span> <span class='ocrx_word' id='word_1_19' title='bbox 469 903 516 987; x_wconf 87' lang='lat'><strong>6.)</strong></span> <span class='ocrx_word' id='word_1_20' title='bbox 564 906 613 966; x_wconf 85' lang='lat' dir='ltr'><strong>Ex</strong></span> <span class='ocrx_word' id='word_1_21' title='bbox 633 906 709 986; x_wconf 87' lang='lat' dir='ltr'><strong>ipsis</strong></span> <span class='ocrx_word' id='word_1_22' title='bbox 732 916 845 976; x_wconf 82' lang='lat' dir='ltr'><strong>tamen</strong></span> <span class='ocrx_word' id='word_1_23' title='bbox 863 905 1033 984; x_wconf 89' lang='lat' dir='ltr'><strong>utriusque</strong></span> <span class='ocrx_word' id='word_1_24' title='bbox 1052 902 1135 978; x_wconf 83' lang='lat' dir='ltr'><strong>loci,</strong></span> <span class='ocrx_word' id='word_1_25' title='bbox 1158 903 1278 964; x_wconf 89' lang='lat' dir='ltr'><strong>Zacha-</strong></span> <span class='ocrx_word' id='word_1_26' title='bbox 1310 959 1313 966; x_wconf 94' lang='lat'>.</span> 
     </span>
     <span class='ocr_line' id='line_1_5' title="bbox 387 1014 1277 1098; baseline -0.002 -20"><span class='ocrx_word' id='word_1_27' title='bbox 387 1021 455 1078; x_wconf 88' lang='lat' dir='ltr'><strong>riae</strong></span> <span class='ocrx_word' id='word_1_28' title='bbox 468 1031 500 1078; x_wconf 90' lang='lat' dir='ltr'><strong>et</strong></span> <span class='ocrx_word' id='word_1_29' title='bbox 512 1018 684 1093; x_wconf 88' lang='lat' dir='ltr'><strong>Ieremiae,</strong></span> <span class='ocrx_word' id='word_1_30' title='bbox 707 1017 813 1078; x_wconf 86' lang='lat' dir='ltr'><strong>verbis</strong></span> <span class='ocrx_word' id='word_1_31' title='bbox 823 1034 900 1078; x_wconf 87' lang='lat' dir='ltr'><strong>cum</strong></span> <span class='ocrx_word' id='word_1_32' title='bbox 909 1014 1069 1077; x_wconf 83' lang='lat' dir='ltr'>Matthaei</span> <span class='ocrx_word' id='word_1_33' title='bbox 1080 1017 1277 1098; x_wconf 80' lang='lat' dir='ltr'><strong>allegatione</strong></span> 
     </span>
     <span class='ocr_line' id='line_1_6' title="bbox 389 1129 1314 1211; baseline -0.004 -21"><span class='ocrx_word' id='word_1_34' title='bbox 389 1131 526 1205; x_wconf 79' lang='lat' dir='ltr'><strong>collatis,</strong></span> <span class='ocrx_word' id='word_1_35' title='bbox 561 1129 671 1192; x_wconf 87' lang='lat' dir='ltr'><strong>locum</strong></span> <span class='ocrx_word' id='word_1_36' title='bbox 692 1130 855 1192; x_wconf 89' lang='lat' dir='ltr'><strong>Ieremiae</strong></span> <span class='ocrx_word' id='word_1_37' title='bbox 877 1129 1037 1191; x_wconf 88' lang='lat' dir='ltr'><strong>memoria</strong></span> <span class='ocrx_word' id='word_1_38' title='bbox 1057 1131 1171 1211; x_wconf 90' lang='lat' dir='ltr'><strong>ipsum·</strong></span> <span class='ocrx_word' id='word_1_39' title='bbox 1188 1144 1277 1190; x_wconf 90' lang='lat' dir='ltr'><strong>reco-</strong></span> <span class='ocrx_word' id='word_1_40' title='bbox 1311 1180 1314 1186; x_wconf 91' lang='grc'><em>,</em></span> 
     </span>
     <span class='ocr_line' id='line_1_7' title="bbox 387 1240 1277 1325; baseline -0.003 -21"><span class='ocrx_word' id='word_1_41' title='bbox 387 1244 486 1304; x_wconf 87' lang='lat' dir='ltr'><strong>luisse</strong></span> <span class='ocrx_word' id='word_1_42' title='bbox 508 1254 604 1322; x_wconf 83' lang='lat' dir='ltr'><strong>patet</strong></span> <span class='ocrx_word' id='word_1_43' title='bbox 648 1243 735 1304; x_wconf 88' lang='lat' dir='ltr'><strong>Nam</strong></span> <span class='ocrx_word' id='word_1_44' title='bbox 755 1240 865 1324; x_wconf 64' lang='grc' dir='ltr'><em>ἀγροί</em></span> <span class='ocrx_word' id='word_1_45' title='bbox 893 1243 980 1322; x_wconf 87' lang='lat' dir='ltr'><strong>apud</strong></span> <span class='ocrx_word' id='word_1_46' title='bbox 1000 1240 1177 1303; x_wconf 85' lang='lat' dir='ltr'><strong>Ieremiam</strong></span> <span class='ocrx_word' id='word_1_47' title='bbox 1196 1241 1277 1325; x_wconf 89' lang='lat' dir='ltr'><strong>legi·</strong></span> 
     </span>
     <span class='ocr_line' id='line_1_8' title="bbox 386 1351 1279 1434; baseline -0.003 -18"><span class='ocrx_word' id='word_1_48' title='bbox 386 1370 453 1430; x_wconf 85' lang='lat' dir='ltr'><strong>tur,</strong></span> <span class='ocrx_word' id='word_1_49' title='bbox 478 1351 564 1434; x_wconf 81' lang='lat' dir='ltr'><strong>apud</strong></span> <span class='ocrx_word' id='word_1_50' title='bbox 585 1352 774 1419; x_wconf 80' lang='lat' dir='ltr'>Zachariam</span> <span class='ocrx_word' id='word_1_51' title='bbox 789 1355 999 1419; x_wconf 82' lang='lat' dir='ltr'><strong>desideratur.</strong></span> <span class='ocrx_word' id='word_1_52' title='bbox 1033 1353 1182 1417; x_wconf 85' lang='lat' dir='ltr'><strong>Iamhio</strong></span> <span class='ocrx_word' id='word_1_53' title='bbox 1207 1355 1279 1434; x_wconf 85' lang='lat' dir='ltr'><strong>qui.</strong></span> 
     </span>
    </p>
   </div>
   <div class='ocr_carea' id='block_1_3' title="bbox 320 1473 1280 2018">
    <p class='ocr_par' dir='ltr' id='par_1_4' title="bbox 320 1473 1280 2018">
     <span class='ocr_line' id='line_1_9' title="bbox 388 1473 1279 1566; baseline 0 -22"><span class='ocrx_word' id='word_1_54' title='bbox 388 1483 463 1544; x_wconf 89' lang='lat' dir='ltr'><strong>dem</strong></span> <span class='ocrx_word' id='word_1_55' title='bbox 484 1473 569 1540; x_wconf 57' lang='lat' dir='ltr'><strong>&#39;iffi&#39;</strong></span> <span class='ocrx_word' id='word_1_56' title='bbox 592 1486 748 1560; x_wconf 90' lang='lat' dir='ltr'><strong>occurrit,</strong></span> <span class='ocrx_word' id='word_1_57' title='bbox 766 1487 866 1566; x_wconf 64' lang='lat' dir='ltr'><strong>‘quod</strong></span> <span class='ocrx_word' id='word_1_58' title='bbox 887 1487 1007 1551; x_wconf 88' lang='lat' dir='ltr'><strong>Matth.</strong></span> <span class='ocrx_word' id='word_1_59' title='bbox 1038 1486 1119 1546; x_wconf 84' lang='lat' dir='ltr'><strong>false</strong></span> <span class='ocrx_word' id='word_1_60' title='bbox 1150 1484 1279 1544; x_wconf 84' lang='lat' dir='ltr'><strong>vertisse</strong></span> 
     </span>
     <span class='ocr_line' id='line_1_10' title="bbox 320 1593 1277 1692; baseline 0.004 -40"><span class='ocrx_word' id='word_1_61' title='bbox 320 1675 328 1692; x_wconf 28' lang='grc' dir='ltr'><em>ο</em></span> <span class='ocrx_word' id='word_1_62' title='bbox 388 1593 505 1657; x_wconf 89' lang='lat' dir='ltr'><strong>dicunt</strong></span> <span class='ocrx_word' id='word_1_63' title='bbox 517 1609 761 1677; x_wconf 63' lang='lat' dir='ltr'><strong>peruastauerat,</strong></span> <span class='ocrx_word' id='word_1_64' title='bbox 782 1596 933 1682; x_wconf 89' lang='lat' dir='ltr'><strong>ideoque,</strong></span> <span class='ocrx_word' id='word_1_65' title='bbox 955 1599 1102 1681; x_wconf 86' lang='lat' dir='ltr'><strong>neglecta</strong></span> <span class='ocrx_word' id='word_1_66' title='bbox 1128 1597 1277 1658; x_wconf 74' lang='lat' dir='ltr'>versione</span> 
     </span>
     <span class='ocr_line' id='line_1_11' title="bbox 387 1709 1276 1794; baseline 0.003 -25"><span class='ocrx_word' id='word_1_67' title='bbox 387 1709 619 1785; x_wconf 83' lang='lat' dir='ltr'><strong>Alexandrina,</strong></span> <span class='ocrx_word' id='word_1_68' title='bbox 642 1722 769 1771; x_wconf 86' lang='lat' dir='ltr'><strong>textum</strong></span> <span class='ocrx_word' id='word_1_69' title='bbox 788 1711 984 1794; x_wconf 82' lang='lat' dir='ltr'><strong>originalem</strong></span> <span class='ocrx_word' id='word_1_70' title='bbox 1005 1722 1178 1794; x_wconf 89' lang='lat' dir='ltr'><strong>sequutum</strong></span> <span class='ocrx_word' id='word_1_71' title='bbox 1199 1729 1276 1772; x_wconf 87' lang='lat' dir='ltr'><strong>esse.</strong></span> 
     </span>
     <span class='ocr_line' id='line_1_12' title="bbox 389 1819 1280 1909; baseline 0.006 -28"><span class='ocrx_word' id='word_1_72' title='bbox 389 1819 455 1881; x_wconf 89' lang='lat' dir='ltr'><strong>Sed</strong></span> <span class='ocrx_word' id='word_1_73' title='bbox 482 1819 601 1903; x_wconf 86' lang='lat' dir='ltr'><strong>figulus</strong></span> <span class='ocrx_word' id='word_1_74' title='bbox 630 1844 700 1886; x_wconf 88' lang='lat' dir='ltr'><strong>non</strong></span> <span class='ocrx_word' id='word_1_75' title='bbox 727 1837 776 1885; x_wconf 90' lang='lat' dir='ltr'><strong>est</strong></span> <span class='ocrx_word' id='word_1_76' title='bbox 801 1823 1004 1908; x_wconf 80' lang='lat' dir='ltr'><strong>allegationis</strong></span> <span class='ocrx_word' id='word_1_77' title='bbox 1025 1824 1142 1909; x_wconf 75' lang='lat' dir='ltr'><strong>cardo,</strong></span> <span class='ocrx_word' id='word_1_78' title='bbox 1170 1837 1210 1884; x_wconf 86' lang='lat' dir='ltr'><strong>nt</strong></span> <span class='ocrx_word' id='word_1_79' title='bbox 1233 1824 1280 1886; x_wconf 90' lang='lat' dir='ltr'><strong>ita</strong></span> 
     </span>
     <span class='ocr_line' id='line_1_13' title="bbox 390 1927 959 2018; baseline 0.011 -25"><span class='ocrx_word' id='word_1_80' title='bbox 390 1927 513 2012; x_wconf 88' lang='lat' dir='ltr'><strong>dicam,</strong></span> <span class='ocrx_word' id='word_1_81' title='bbox 537 1934 595 1996; x_wconf 87' lang='lat' dir='ltr'><strong>sed</strong></span> <span class='ocrx_word' id='word_1_82' title='bbox 614 1939 723 2014; x_wconf 89' lang='lat' dir='ltr'><strong>potius</strong></span> <span class='ocrx_word' id='word_1_83' title='bbox 747 1933 959 2018; x_wconf 67' lang='lat' dir='ltr'><strong>tryposw).</strong></span> 
     </span>
    </p>
   </div>
   <div class='ocr_carea' id='block_1_4' title="bbox 430 2175 1278 2305">
    <p class='ocr_par' dir='ltr' id='par_1_5' title="bbox 430 2175 1278 2305">
     <span class='ocr_line' id='line_1_14' title="bbox 430 2175 1278 2305; baseline 0.012 -28"><span class='ocrx_word' id='word_1_84' title='bbox 430 2215 461 2298; x_wconf 69' lang='lat' dir='ltr'><strong>s)</strong></span> <span class='ocrx_word' id='word_1_85' title='bbox 483 2175 586 2283; x_wconf 69' lang='lat' dir='ltr'><strong>Mau</strong></span> <span class='ocrx_word' id='word_1_86' title='bbox 603 2234 660 2304; x_wconf 83' lang='lat'><strong>27,</strong></span> <span class='ocrx_word' id='word_1_87' title='bbox 683 2219 736 2305; x_wconf 86' lang='lat'><strong>4⁶·</strong></span> <span class='ocrx_word' id='word_1_88' title='bbox 766 2220 847 2304; x_wconf 76' lang='lat' dir='ltr'><strong>uu,</strong></span> <span class='ocrx_word' id='word_1_89' title='bbox 875 2223 954 2303; x_wconf 78' lang='lat' dir='ltr'><strong>aa,</strong></span> <span class='ocrx_word' id='word_1_90' title='bbox 989 2224 1078 2287; x_wconf 76' lang='lat' dir='ltr'><strong>uma</strong></span> <span class='ocrx_word' id='word_1_91' title='bbox 1099 2236 1138 2287; x_wconf 73' lang='lat' dir='ltr'><strong>cs</strong></span> <span class='ocrx_word' id='word_1_92' title='bbox 1210 2222 1278 2288; x_wconf 71' lang='lat' dir='ltr'><strong>urs</strong></span> 
     </span>
    </p>
   </div>
   <div class='ocr_carea' id='block_1_5' title="bbox 389 2322 1280 2420">
    <p class='ocr_par' dir='ltr' id='par_1_6' title="bbox 389 2322 1280 2420">
     <span class='ocr_line' id='line_1_15' title="bbox 389 2322 1280 2420; baseline 0.009 -29"><span class='ocrx_word' id='word_1_93' title='bbox 389 2329 505 2394; x_wconf 78' lang='lat' dir='ltr'><strong>Matth.</strong></span> <span class='ocrx_word' id='word_1_94' title='bbox 540 2331 614 2396; x_wconf 84' lang='lat' dir='ltr'><strong>Iesu</strong></span> <span class='ocrx_word' id='word_1_95' title='bbox 642 2322 805 2420; x_wconf 83' lang='lat' dir='ltr'><strong>ipsissima</strong></span> <span class='ocrx_word' id='word_1_96' title='bbox 837 2339 937 2402; x_wconf 83' lang='lat' dir='ltr'><strong>verba</strong></span> <span class='ocrx_word' id='word_1_97' title='bbox 971 2338 1136 2402; x_wconf 71' lang='lat' dir='ltr'><strong>referret</strong></span> <span class='ocrx_word' id='word_1_98' title='bbox 1163 2354 1280 2419; x_wconf 82' lang='lat' dir='ltr'><strong>graec-e</strong></span> 
     </span>
    </p>
   </div>
   <div class='ocr_carea' id='block_1_6' title="bbox 401 2545 681 2572">
    <p class='ocr_par' dir='ltr' id='par_1_7' title="bbox 401 2545 681 2572">
     <span class='ocr_line' id='line_1_16' title="bbox 401 2545 681 2572; baseline 0.007 -2"><span class='ocrx_word' id='word_1_99' title='bbox 401 2545 681 2572; x_wconf 55' lang='grc' dir='ltr'>...ΙΙΙ-..1.-</span> 
     </span>
    </p>
   </div>
   <div class='ocr_carea' id='block_1_7' title="bbox 401 2673 1282 3800">
    <p class='ocr_par' dir='ltr' id='par_1_8' title="bbox 401 2673 1282 3800">
     <span class='ocr_line' id='line_1_17' title="bbox 403 2673 1278 2754; baseline 0.006 -29"><span class='ocrx_word' id='word_1_100' title='bbox 403 2673 469 2754; x_wconf 29' lang='grc' dir='ltr'><strong>Ιόο)</strong></span> <span class='ocrx_word' id='word_1_101' title='bbox 488 2674 611 2746; x_wconf 77' lang='lat' dir='ltr'><strong>Spiritus</strong></span> <span class='ocrx_word' id='word_1_102' title='bbox 634 2697 657 2733; x_wconf 86' lang='lat' dir='ltr'><strong>s.</strong></span> <span class='ocrx_word' id='word_1_103' title='bbox 673 2680 825 2734; x_wconf 87' lang='lat' dir='ltr'><strong>Matthaeo</strong></span> <span class='ocrx_word' id='word_1_104' title='bbox 845 2681 1004 2753; x_wconf 87' lang='lat' dir='ltr'><strong>prophetae</strong></span> <span class='ocrx_word' id='word_1_105' title='bbox 1027 2695 1134 2734; x_wconf 86' lang='lat' dir='ltr'><strong>nornen</strong></span> <span class='ocrx_word' id='word_1_106' title='bbox 1155 2677 1278 2751; x_wconf 84' lang='lat' dir='ltr'><strong>aperuit,</strong></span> 
     </span>
     <span class='ocr_line' id='line_1_18' title="bbox 489 2775 1281 2852; baseline 0.008 -31"><span class='ocrx_word' id='word_1_107' title='bbox 489 2779 524 2822; x_wconf 90' lang='lat' dir='ltr'><strong>ut</strong></span> <span class='ocrx_word' id='word_1_108' title='bbox 552 2775 706 2827; x_wconf 82' lang='lat' dir='ltr'><strong>autoritati</strong></span> <span class='ocrx_word' id='word_1_109' title='bbox 733 2776 875 2828; x_wconf 87' lang='lat' dir='ltr'><strong>Ieremiae</strong></span> <span class='ocrx_word' id='word_1_110' title='bbox 900 2776 1096 2828; x_wconf 78' lang='lat' dir='ltr'><strong>labefactatae</strong></span> <span class='ocrx_word' id='word_1_111' title='bbox 1125 2782 1156 2826; x_wconf 90' lang='lat' dir='ltr'><strong>et</strong></span> <span class='ocrx_word' id='word_1_112' title='bbox 1183 2775 1281 2852; x_wconf 69' lang='lat' dir='ltr'><strong>sensui</strong></span> 
     </span>
     <span class='ocr_line' id='line_1_19' title="bbox 401 2865 1281 2940; baseline 0.007 -22"><span class='ocrx_word' id='word_1_113' title='bbox 401 2879 409 2886; x_wconf 90' lang='lat'><strong>·</strong></span> <span class='ocrx_word' id='word_1_114' title='bbox 488 2865 570 2920; x_wconf 86' lang='lat' dir='ltr'><strong>illius</strong></span> <span class='ocrx_word' id='word_1_115' title='bbox 592 2868 763 2940; x_wconf 81' lang='lat' dir='ltr'><strong>prophetiae</strong></span> <span class='ocrx_word' id='word_1_116' title='bbox 779 2869 988 2924; x_wconf 80' lang='lat' dir='ltr'><strong>consuleretur.</strong></span> <span class='ocrx_word' id='word_1_117' title='bbox 1020 2869 1063 2920; x_wconf 83' lang='lat' dir='ltr'><strong>Ex</strong></span> <span class='ocrx_word' id='word_1_118' title='bbox 1084 2866 1281 2940; x_wconf 76' lang='lat' dir='ltr'><strong>discrepantia</strong></span> 
     </span>
     <span class='ocr_line' id='line_1_20' title="bbox 401 2961 1280 3036; baseline 0.011 -25"><span class='ocrx_word' id='word_1_119' title='bbox 401 2985 405 2993; x_wconf 91' lang='lat'><em>·</em></span> <span class='ocrx_word' id='word_1_120' title='bbox 489 2969 588 3014; x_wconf 88' lang='lat' dir='ltr'><strong>autem</strong></span> <span class='ocrx_word' id='word_1_121' title='bbox 604 2964 749 3016; x_wconf 84' lang='lat' dir='ltr'><strong>Matthaei</strong></span> <span class='ocrx_word' id='word_1_122' title='bbox 774 2973 804 3016; x_wconf 90' lang='lat' dir='ltr'><strong>et</strong></span> <span class='ocrx_word' id='word_1_123' title='bbox 825 2965 966 3018; x_wconf 84' lang='lat' dir='ltr'><strong>versionis</strong></span> <span class='ocrx_word' id='word_1_124' title='bbox 983 2961 1061 3015; x_wconf 79' lang='lat' dir='ltr'><strong>Alex.</strong></span> <span class='ocrx_word' id='word_1_125' title='bbox 1077 2973 1172 3036; x_wconf 86' lang='lat' dir='ltr'><strong>patet,</strong></span> <span class='ocrx_word' id='word_1_126' title='bbox 1200 2969 1280 3023; x_wconf 85' lang='lat' dir='ltr'><strong>Mat-</strong></span> 
     </span>
     <span class='ocr_line' id='line_1_21' title="bbox 487 3053 1279 3134; baseline 0.015 -28"><span class='ocrx_word' id='word_1_127' title='bbox 487 3053 607 3108; x_wconf 83' lang='lat' dir='ltr'><strong>thaeum</strong></span> <span class='ocrx_word' id='word_1_128' title='bbox 624 3056 745 3125; x_wconf 89' lang='lat' dir='ltr'><strong>spiritus</strong></span> <span class='ocrx_word' id='word_1_129' title='bbox 767 3057 858 3112; x_wconf 81' lang='lat' dir='ltr'><strong>divini</strong></span> <span class='ocrx_word' id='word_1_130' title='bbox 878 3057 1051 3110; x_wconf 86' lang='lat' dir='ltr'><strong>instinctum</strong></span> <span class='ocrx_word' id='word_1_131' title='bbox 1064 3059 1157 3114; x_wconf 77' lang='lat' dir='ltr'><strong>luisse</strong></span> <span class='ocrx_word' id='word_1_132' title='bbox 1172 3078 1279 3134; x_wconf 83' lang='lat' dir='ltr'><strong>sequu-</strong></span> 
     </span>
     <span class='ocr_line' id='line_1_22' title="bbox 487 3149 1282 3234; baseline 0.01 -34"><span class='ocrx_word' id='word_1_133' title='bbox 487 3156 561 3202; x_wconf 77' lang='lat' dir='ltr'><strong>turn</strong></span> <span class='ocrx_word' id='word_1_134' title='bbox 574 3149 631 3202; x_wconf 84' lang='lat' dir='ltr'><strong>vid.</strong></span> <span class='ocrx_word' id='word_1_135' title='bbox 643 3151 796 3232; x_wconf 63' lang='lat' dir='ltr'><strong>Surenhus.v</strong></span> <span class='ocrx_word' id='word_1_136' title='bbox 806 3173 833 3226; x_wconf 85' lang='lat' dir='ltr'><strong>p.</strong></span> <span class='ocrx_word' id='word_1_137' title='bbox 849 3162 905 3225; x_wconf 75' lang='lat'><strong>189.</strong></span> <span class='ocrx_word' id='word_1_138' title='bbox 922 3151 997 3206; x_wconf 85' lang='lat' dir='ltr'><strong>Ecce</strong></span> <span class='ocrx_word' id='word_1_139' title='bbox 1009 3150 1117 3208; x_wconf 75' lang='lat' dir='ltr'><strong>nortun</strong></span> <span class='ocrx_word' id='word_1_140' title='bbox 1126 3173 1178 3227; x_wconf 93' lang='lat' dir='ltr'><strong>pro</strong></span> <span class='ocrx_word' id='word_1_141' title='bbox 1189 3158 1282 3234; x_wconf 82' lang='lat' dir='ltr'><strong>inspi.</strong></span> 
     </span>
     <span class='ocr_line' id='line_1_23' title="bbox 488 3244 1280 3328; baseline 0.014 -34"><span class='ocrx_word' id='word_1_142' title='bbox 488 3244 604 3321; x_wconf 84' lang='lat' dir='ltr'><strong>ratione</strong></span> <span class='ocrx_word' id='word_1_143' title='bbox 621 3258 834 3317; x_wconf 69' lang='lat' dir='ltr'><strong>argumentum,</strong></span> <span class='ocrx_word' id='word_1_144' title='bbox 853 3248 974 3318; x_wconf 62' lang='lat' dir='ltr'><strong>effug,</strong></span> <span class='ocrx_word' id='word_1_145' title='bbox 997 3248 1155 3318; x_wconf 80' lang='lat' dir='ltr'><strong>Eiuler&#39;tnng</strong></span> <span class='ocrx_word' id='word_1_146' title='bbox 1172 3269 1197 3321; x_wconf 84' lang='lat' dir='ltr'><strong>a,</strong></span> <span class='ocrx_word' id='word_1_147' title='bbox 1212 3274 1280 3328; x_wconf 75' lang='lat' dir='ltr'><strong>pag,</strong></span> 
     </span>
     <span class='ocr_line' id='line_1_24' title="bbox 490 3341 1281 3412; baseline 0.023 -24"><span class='ocrx_word' id='word_1_148' title='bbox 490 3355 532 3411; x_wconf 79' lang='lat'><strong>59.</strong></span> <span class='ocrx_word' id='word_1_149' title='bbox 552 3341 603 3412; x_wconf 83' lang='lat' dir='ltr'><strong>qui</strong></span> <span class='ocrx_word' id='word_1_150' title='bbox 618 3343 802 3399; x_wconf 73' lang='lat' dir='ltr'><strong>Matthaeum</strong></span> <span class='ocrx_word' id='word_1_151' title='bbox 820 3347 920 3400; x_wconf 83' lang='lat' dir='ltr'><strong>locum</strong></span> <span class='ocrx_word' id='word_1_152' title='bbox 938 3343 1094 3398; x_wconf 84' lang='lat' dir='ltr'><strong>Zachariae</strong></span> <span class='ocrx_word' id='word_1_153' title='bbox 1112 3349 1209 3403; x_wconf 88' lang='lat' dir='ltr'><strong>animo</strong></span> <span class='ocrx_word' id='word_1_154' title='bbox 1228 3351 1281 3405; x_wconf 88' lang='lat' dir='ltr'><strong>ha-</strong></span> 
     </span>
     <span class='ocr_line' id='line_1_25' title="bbox 488 3436 1280 3510; baseline 0.011 -20"><span class='ocrx_word' id='word_1_155' title='bbox 488 3436 587 3490; x_wconf 83' lang='lat' dir='ltr'><strong>huisse</strong></span> <span class='ocrx_word' id='word_1_156' title='bbox 604 3439 726 3508; x_wconf 87' lang='lat' dir='ltr'><strong>probare</strong></span> <span class='ocrx_word' id='word_1_157' title='bbox 743 3443 851 3500; x_wconf 87' lang='lat' dir='ltr'><strong>studet.</strong></span> <span class='ocrx_word' id='word_1_158' title='bbox 883 3438 943 3494; x_wconf 81' lang='lat' dir='ltr'><strong>atii</strong></span> <span class='ocrx_word' id='word_1_159' title='bbox 958 3440 1176 3510; x_wconf 86' lang='lat' dir='ltr'><strong>Evangeliatarn</strong></span> <span class='ocrx_word' id='word_1_160' title='bbox 1191 3463 1226 3498; x_wconf 89' lang='lat' dir='ltr'><strong>ex</strong></span> <span class='ocrx_word' id='word_1_161' title='bbox 1242 3445 1280 3499; x_wconf 87' lang='lat' dir='ltr'><strong>li-</strong></span> 
     </span>
     <span class='ocr_line' id='line_1_26' title="bbox 488 3531 1280 3612; baseline 0.009 -27"><span class='ocrx_word' id='word_1_162' title='bbox 488 3531 542 3587; x_wconf 84' lang='lat' dir='ltr'><strong>hto</strong></span> <span class='ocrx_word' id='word_1_163' title='bbox 560 3535 685 3604; x_wconf 18' lang='lat' dir='ltr'><strong>quoidam</strong></span> <span class='ocrx_word' id='word_1_164' title='bbox 701 3538 841 3591; x_wconf 86' lang='lat' dir='ltr'><strong>Ieremiae</strong></span> <span class='ocrx_word' id='word_1_165' title='bbox 857 3535 1124 3612; x_wconf 23' lang='lat' dir='ltr'><strong>apocryphouverha</strong></span> <span class='ocrx_word' id='word_1_166' title='bbox 1140 3539 1280 3610; x_wconf 83' lang='lat' dir='ltr'><strong>allegasse</strong></span> 
     </span>
     <span class='ocr_line' id='line_1_27' title="bbox 404 3627 1279 3702; baseline 0.013 -26"><span class='ocrx_word' id='word_1_167' title='bbox 404 3637 410 3646; x_wconf 85' lang='grc'><strong>’</strong></span> <span class='ocrx_word' id='word_1_168' title='bbox 490 3635 610 3696; x_wconf 87' lang='lat' dir='ltr'><strong>putant,</strong></span> <span class='ocrx_word' id='word_1_169' title='bbox 638 3647 711 3700; x_wconf 85' lang='lat' dir='ltr'><strong>quae</strong></span> <span class='ocrx_word' id='word_1_170' title='bbox 736 3632 853 3702; x_wconf 78' lang='lat' dir='ltr'><strong>quidem</strong></span> <span class='ocrx_word' id='word_1_171' title='bbox 869 3631 1042 3701; x_wconf 78' lang='lat' dir='ltr'><strong>Hieronymi</strong></span> <span class='ocrx_word' id='word_1_172' title='bbox 1064 3627 1209 3687; x_wconf 84' lang='lat' dir='ltr'><strong>sententia</strong></span> <span class='ocrx_word' id='word_1_173' title='bbox 1225 3643 1279 3688; x_wconf 84' lang='lat' dir='ltr'><strong>est.</strong></span> 
     </span>
     <span class='ocr_line' id='line_1_28' title="bbox 491 3719 1228 3800; baseline 0.015 -28"><span class='ocrx_word' id='word_1_174' title='bbox 491 3719 531 3782; x_wconf 75' lang='lat' dir='ltr'><strong>cf.</strong></span> <span class='ocrx_word' id='word_1_175' title='bbox 548 3723 712 3780; x_wconf 75' lang='lat' dir='ltr'><strong>Eclermann</strong></span> <span class='ocrx_word' id='word_1_176' title='bbox 727 3729 777 3784; x_wconf 83' lang='lat' dir='ltr'><strong>in:</strong></span> <span class='ocrx_word' id='word_1_177' title='bbox 794 3730 874 3786; x_wconf 80' lang='lat' dir='ltr'><strong>theol.</strong></span> <span class='ocrx_word' id='word_1_178' title='bbox 891 3730 1017 3794; x_wconf 73' lang='lat' dir='ltr'><strong>Beitrige</strong></span> <span class='ocrx_word' id='word_1_179' title='bbox 1036 3745 1064 3795; x_wconf 88' lang='lat' dir='ltr'><strong>r,</strong></span> <span class='ocrx_word' id='word_1_180' title='bbox 1086 3745 1110 3789; x_wconf 88' lang='grc' dir='ltr'><strong>ι.</strong></span> <span class='ocrx_word' id='word_1_181' title='bbox 1132 3747 1160 3800; x_wconf 93' lang='lat' dir='ltr'><strong>p.</strong></span> <span class='ocrx_word' id='word_1_182' title='bbox 1171 3744 1228 3798; x_wconf 59' lang='lat' dir='ltr'><strong>aaa.</strong></span> 
     </span>
    </p>
   </div>
   <div class='ocr_carea' id='block_1_8' title="bbox 0 0 1473 4684">
    <p class='ocr_par' dir='ltr' id='par_1_9' title="bbox 0 0 1473 4684">
     <span class='ocr_line' id='line_1_29' title="bbox 0 0 1473 4684; baseline 0 0"><span class='ocrx_word' id='word_1_183' title='bbox 0 0 1473 4684; x_wconf 95' lang='lat' dir='ltr'><strong> </strong></span> 
     </span>
    </p>
   </div>
  </div>
 </body>
</html>
