2917 4684
700 462 932 531 ..50-

371 642 478 716 simile
507 662 570 724 est,
604 660 779 727 utrumque
806 666 866 726 per
895 658 1057 704 summam
1089 639 1171 700 vitae
1193 653 1265 720 pat‘·

369 782 435 828 tem
465 763 678 824 coniunctum
706 759 821 833 fuisse,
862 755 989 814 etiamsi
1009 753 1143 813 Essaeos
1163 751 1267 811 fuisse

370 861 501 961 probari
537 893 606 935 non
637 873 756 960 possit?
787 903 827 914 —-
901 865 1067 925 Gablerus
1101 877 1269 945 praeterea

369 995 529 1055 Ioannem
559 980 594 1044 Β.
615 997 760 1047 'mortem
787 981 864 1041 Iesu
893 977 999 1038 verbis
1029 975 1168 1037 laudatis
1197 994 1268 1036 non

360 1104 521 1172 ,innuisse
547 1097 718 1167 existimat,
741 1093 833 1174 quia,
856 1088 949 1151 illem
972 1091 1000 1150 si
1019 1090 1197 1157 inruisset,
1220 1085 1269 1145 ‹tt-

375 1218 495 1298 scipuli
516 1213 630 1294 ipsius,
656 1209 729 1268 Iesu
751 1203 889 1266 asseclae
909 1202 998 1277 iacti,
1024 1202 1266 1282 (ev.10.1,31.)

372 1334 447 1394 Iesu
477 1337 583 1388 morte
609 1321 702 1381 nullo
732 1316 832 1378 modo
861 1315 981 1375 turbati
1009 1315 1204 1396 tristitiaque
1237 1324 1269 1370 et

374 1459 507 1524 stupore
529 1433 639 1500 affecti
662 1449 730 1490 essa
753 1431 942 1510 potuissent.
1009 1426 1135 1505 Quibus
1158 1441 1269 1487 autem

371 1559 438 1620 hoc
466 1552 589 1635 opponi
618 1557 740 1628 potest:
780 1541 889 1618 Iesum
924 1543 1034 1621 ipsum
1063 1539 1191 1620 saepius
1227 1539 1270 1598 de

372 1680 482 1731 morte
516 1686 572 1726 sua
600 1661 714 1721 futura
747 1677 859 1718 coram
889 1653 1060 1734 discipulis
1097 1653 1270 1734 loquutum

374 1805 454 1849 esse.
477 1776 698 1842 nihilominus
718 1786 833 1832 tamen
855 1767 1030 1848 discipulos
1051 1777 1162 1847 postea
1183 1738 1271 1825 sum·¹

373 1919 429 1961 mo
458 1896 498 1955 de
528 1883 567 1951 ea
594 1904 761 1967 percussos
791 1903 860 1945 esse
885 1893 1029 1961 stupore.
1049 1908 1092 1924 -·-
1133 1877 1189 1939 sio
1210 1877 1269 1937 tlu-

372 2010 430 2070 bia
456 2013 580 2063 remota
602 1995 706 2056 videri
726 1995 868 2072 possiutt
905 1992 1007 2047 obstat
1036 2001 1150 2047 tamen
1176 1989 1269 2047 locus

375 2115 463 2200 apud
492 2105 699 2170 Matthaeum
729 2105 809 2181 (tt,
836 2113 850 2159 1
875 2100 940 2178 sq.)
972 2115 1070 2177 quem
1105 2097 1270 2178 quomodo

376 2249 451 2294 cum
473 2226 546 2286 loco
567 2219 711 2280 loannes
736 2222 967 2292 componerem
986 2211 1057 2290 ipse
1073 2208 1115 2269 de
1129 2208 1271 2271 Wettius

376 2363 409 2404 se
430 2343 585 2422 ignorare
608 2333 735 2392 fatetur.
780 2325 893 2406 Neque
920 2325 978 2386 itta
997 2324 1070 2384 toea
1092 2324 1272 2384 conciliare

375 2475 452 2519 eum
479 2467 572 2532 posse
599 2443 661 2504 tibi
688 2439 900 2522 persuadens,
941 2438 1116 2520 quiverba
1139 2437 1271 2497 Ioannis

376 2568 534 2650 Baptistae
558 2558 600 2620 ad
620 2569 762 2618 mortem
782 2553 857 2616 Iesu
880 2553 1095 2632 expiatoriam
1114 2548 1271 2623 referens,

375 2677 535 2744 Matthaei
555 2675 664 2734 locum
690 2671 737 2730 sic
758 2671 1010 2747 iuterpretatur:
1039 2665 1201 2725 Ioannem
1225 2662 1270 2734 tt,

376 2792 556 2874 captivum,
591 2784 703 2845 Iesum
732 2781 774 2840 ad
796 2780 975 2839 consilium
997 2777 1051 2852 (h.
1075 2795 1104 2834 e.
1129 2771 1170 2832 ad
1192 2790 1272 2831 eon-

374 2905 501 2975 silium,
545 2897 631 2977 quod
651 2895 792 2954 Ioannes
820 2891 886 2968 ipsi
914 2890 1090 2963 tribuerat,
1128 2904 1273 2968 regnum

376 3015 502 3077 scilicet
522 3007 723 3069 Iudaeorum
746 3002 807 3062 sibi
828 2999 1020 3082 arrogandi)
1041 3001 1161 3062 melius
1185 2999 1272 3059 velo.

377 3133 511 3210 eiusque
547 3113 786 3202 perficiendum
817 3112 1038 3176 adhortatum·
1058 3133 1127 3174 esse
1153 3129 1271 3193 neque,

398 3360 681 3390 m

480 3526 547 3564 cum
568 3505 624 3558 hae
652 3501 799 3556 sententia
830 3501 1036 3555 conciliantur.
1062 3500 1118 3554 vid„
1138 3519 1179 3554 ev.
1197 3501 1272 3566 Ius,

479 3617 596 3675 5145
634 3601 676 3653 Io.
703 3597 798 3664 enim,
822 3612 853 3648 se
876 3613 994 3668 quoque
1023 3614 1084 3650 non
1111 3599 1212 3657 statim
1234 3598 1271 3650 ah

474 3701 561 3754 initio
579 3699 676 3752 lesum
693 3711 792 3750 verum
807 3691 944 3748 hahuisse
961 3693 1100 3746 Messium
1117 3693 1236 3745 fatetur.
