2917 4684
475 437 774 548 -455

231 633 346 706 Matth.
363 655 421 714 21,
445 653 498 720 4⁹.
523 637 594 700 coll.
625 635 674 700 Ps.
695 641 773 712 118,
794 649 844 700 22.
870 637 930 701 ubi
960 631 1034 697 llNl

143 791 180 840 et
200 768 300 852 isin,
329 793 367 834 ex
387 769 543 833 idiomate
565 766 717 828 hebraico
738 784 799 848 pro
822 781 939 830 neuim
959 767 1034 831 oio'

147 901 279 950 vertunt
304 879 411 964 αὕτη,
451 879 494 944 ad
519 881 672 962 κεφαλην
700 891 825 959 ymnus
851 901 1037 960 pronomen

116 1028 119 1034 ·
145 1001 333 1061 referentes.
398 998 482 1059 Item
508 995 623 1056 Matth.
659 1001 690 1053 et
712 991 812 1055 Marc.
829 1005 882 1068 12,
908 1009 956 1056 10.
984 1010 1034 1058 11.

145 1114 254 1176 Lucas
274 1109 391 1170 ultima
413 1108 509 1170 rerba
531 1108 650 1170 omisit.

233 1343 263 1412 3.
284 1325 487 1398 Matthaeum
507 1297 546 1386 in
559 1323 732 1385 recitandis
745 1280 916 1393 locisvff,
939 1321 1037 1384 verba

146 1443 321 1518 hebraica,
356 1437 504 1520 neglecta
526 1438 672 1498 versione
694 1438 934 1513 Alexandrina,
967 1457 1037 1498 non
1128 1445 1131 1454 '

149 1568 323 1638 sequutum
352 1572 437 1627 esse,
475 1567 571 1628 supra
599 1554 722 1610 monui
787 1550 859 1609 Mei
884 1552 951 1611 iam
969 1557 1036 1627 eet,

149 1669 221 1728 hoc
243 1664 397 1744 probare3
438 1674 563 1723 exstant
591 1661 682 1722 enim
706 1661 890 1722 nonnullae
922 1663 1040 1746 allega·

146 1779 283 1851 tiones,
316 1792 404 1856 'quae
432 1792 471 1834 ex
498 1783 589 1832 textu
619 1771 773 1857 hebraioo
806 1777 960 1836 recitatae
991 1780 1038 1837 vi·

147 1890 300 1950 deantur.

235 2073 288 2152 α.)
309 2069 470 2146 Martha,
492 2083 542 2154 15.
557 2064 596 2138 ἐξ
619 2067 798 2151 Αἱγυπτου
817 2066 963 2134 uuicos
981 2086 1040 2136 ror
1081 2088 1088 2112 ‘

150 2183 225 2249 υἱον
232 2203 308 2261 μου.
332 2183 417 2264 Quia
438 2185 553 2262 eadem
575 2204 630 2246 ser
652 2185 751 2246 verba
774 2184 929 2266 leguntur
948 2185 1036 2268 apud
1101 2236 1102 2243 ,

152 2299 298 2360 Hoseam
320 2295 396 2374 (11,
422 2301 489 2376 1.),
510 2295 591 2359 inde
613 2296 835 2373 matthaeum,
858 2299 1041 2361 versionem

153 2410 408 2474 Alexandrinam
441 2413 681 2494 negligentem,
713 2409 776 2471 ista
804 2411 955 2472 sumsisse
990 2410 1041 2473 dis

154 2535 239 2583 cunt.
267 2522 338 2581 Iam
361 2541 452 2599 vero,
476 2523 639 2602 quidest,
661 2520 819 2603 quodnos
842 2535 942 2602 cogat,
969 2521 1041 2582 Ho-

156 2651 228 2694 seae
247 2631 310 2712 ¹illa
329 2631 426 2692 verba
452 2631 588 2708 habere,
619 2635 810 2713 praesertim
832 2649 935 2712 quum
956 2633 1041 2696 Mat·
1110 2620 1113 2633 ’

154 2745 269 2806 thaeus
297 2760 423 2802 nomen
450 2757 513 2806 του
540 2761 722 2828 προφητου
755 2763 824 2806 non
856 2743 1040 2811 addiderit?

154 2861 231 2928 Non
253 2857 316 2918 alia
343 2867 443 2916 exstat
465 2877 591 2936 caussa,
629 2859 709 2935 nisi,
746 2853 832 2937 quod
854 2855 967 2939 eadem
989 2877 1043 2920 oo·

51 3039 54 3058 ‚
157 2984 290 3036 currant
309 2970 347 3030 iu
362 2967 487 3032 Hoseae
509 2971 678 3032 vaticiniis.
723 2969 848 3051 Quodsi
868 2968 985 3032 tamen
1002 2991 1043 3033 ex

156 3085 305 3166 analogia
327 3096 527 3146 caeterarum
556 3082 785 3167 allegationum
812 3082 895 3146 haec
916 3103 1044 3166 quoque

157 3194 348 3278 explicanda
368 3206 426 3270 est,
450 3195 562 3272 (aliter
583 3196 610 3256 si
631 3194 784 3273 explicari
804 3198 938 3274 potest),
959 3195 1045 3256 Mat-

154 3307 290 3368 thaeum
318 3306 416 3368 rerba
443 3307 505 3367 ista
532 3323 640 3385 neque
668 3325 706 3364 ex
735 3303 844 3367 Hosea
868 3322 976 3382 neque
1004 3324 1044 3366 ex
1120 3328 1126 3335 ¹

156 3419 222 3481 alio
245 3417 383 3499 quodam
405 3419 553 3480 sumsisse
580 3416 736 3498 propheta
758 3416 966 3478 verisimilius
986 3428 1044 3483 est.

51 3557 52 3568 ¹
156 3531 340 3594 Teneamus
365 3549 491 3612 semper
519 3549 653 3592 necesse
681 3541 728 3590 est
749 3528 923 3589 consilium
944 3548 1046 3610 quum

157 3646 310 3709 omnium
332 3659 410 3706 sorr.
432 3661 489 3720 ss,
511 3655 582 3708 tum
605 3639 763 3702 Matthaei
782 3641 987 3722 potissimum
1007 3644 1044 3702 in
