<?xml version="1.0" encoding="UTF-8"?>
<!DOCTYPE html PUBLIC "-//W3C//DTD XHTML 1.0 Transitional//EN"
    "http://www.w3.org/TR/xhtml1/DTD/xhtml1-transitional.dtd">
<html xmlns="http://www.w3.org/1999/xhtml" xml:lang="en" lang="en">
 <head>
  <title>
</title>
<meta http-equiv="Content-Type" content="text/html;charset=utf-8" />
  <meta name='ocr-system' content='tesseract 3.04.00' />
  <meta name='ocr-capabilities' content='ocr_page ocr_carea ocr_par ocr_line ocrx_word'/>
</head>
<body>
  <div class='ocr_page' id='page_1' title='image "./deiisquaeadcogn00moragoog_0021.png"; bbox 0 0 2917 4684; ppageno 0'>
   <div class='ocr_carea' id='block_1_1' title="bbox 519 427 752 496">
    <p class='ocr_par' dir='ltr' id='par_1_1' title="bbox 519 427 752 496">
     <span class='ocr_line' id='line_1_1' title="bbox 519 427 752 496; baseline -0.004 -26"><span class='ocrx_word' id='word_1_1' title='bbox 519 427 752 496; x_wconf 71' lang='lat'>...17-</span> 
     </span>
    </p>
   </div>
   <div class='ocr_carea' id='block_1_2' title="bbox 165 610 1074 1388">
    <p class='ocr_par' dir='ltr' id='par_1_2' title="bbox 165 610 1074 1388">
     <span class='ocr_line' id='line_1_2' title="bbox 168 610 1071 696; baseline 0.021 -22"><span class='ocrx_word' id='word_1_2' title='bbox 168 612 356 678; x_wconf 86' lang='lat' dir='ltr'><strong>doctrinam</strong></span> <span class='ocrx_word' id='word_1_3' title='bbox 377 631 470 678; x_wconf 79' lang='lat' dir='ltr'><strong>suom</strong></span> <span class='ocrx_word' id='word_1_4' title='bbox 490 610 755 696; x_wconf 79' lang='lat' dir='ltr'><strong>propagandam,</strong></span> <span class='ocrx_word' id='word_1_5' title='bbox 778 635 854 677; x_wconf 90' lang='lat' dir='ltr'><strong>usus</strong></span> <span class='ocrx_word' id='word_1_6' title='bbox 879 620 922 682; x_wconf 89' lang='lat' dir='ltr'><strong>sit</strong></span> <span class='ocrx_word' id='word_1_7' title='bbox 941 654 985 672; x_wconf 90' lang='lat'><em>-</em></span> <span class='ocrx_word' id='word_1_8' title='bbox 1004 625 1071 692; x_wconf 82' lang='lat' dir='ltr'><strong>hoc</strong></span> 
     </span>
     <span class='ocr_line' id='line_1_3' title="bbox 169 703 1071 808; baseline 0.007 -22"><span class='ocrx_word' id='word_1_9' title='bbox 169 703 258 788; x_wconf 78' lang='lat' dir='ltr'><strong>extra</strong></span> <span class='ocrx_word' id='word_1_10' title='bbox 293 747 427 790; x_wconf 86' lang='lat' dir='ltr'><strong>omnem</strong></span> <span class='ocrx_word' id='word_1_11' title='bbox 460 726 701 790; x_wconf 78' lang='lat' dir='ltr'><strong>dubitationem</strong></span> <span class='ocrx_word' id='word_1_12' title='bbox 736 729 878 808; x_wconf 86' lang='lat' dir='ltr'><strong>positum</strong></span> <span class='ocrx_word' id='word_1_13' title='bbox 915 749 977 798; x_wconf 84' lang='lat' dir='ltr'><strong>est:</strong></span> <span class='ocrx_word' id='word_1_14' title='bbox 1014 737 1071 802; x_wconf 88' lang='lat' dir='ltr'><strong>Iu.</strong></span> 
     </span>
     <span class='ocr_line' id='line_1_4' title="bbox 168 837 1068 934; baseline 0.021 -37"><span class='ocrx_word' id='word_1_15' title='bbox 168 837 266 900; x_wconf 83' lang='lat' dir='ltr'><strong>docos</strong></span> <span class='ocrx_word' id='word_1_16' title='bbox 298 841 374 903; x_wconf 86' lang='lat' dir='ltr'><strong>Iesu</strong></span> <span class='ocrx_word' id='word_1_17' title='bbox 402 855 553 922; x_wconf 82' lang='lat' dir='ltr'><strong>tempore</strong></span> <span class='ocrx_word' id='word_1_18' title='bbox 582 841 745 918; x_wconf 84' lang='lat' dir='ltr'><strong>viventes,</strong></span> <span class='ocrx_word' id='word_1_19' title='bbox 779 843 936 908; x_wconf 78' lang='lat' dir='ltr'><strong>Messinm</strong></span> <span class='ocrx_word' id='word_1_20' title='bbox 958 869 1068 934; x_wconf 80' lang='lat' dir='ltr'><strong>exspe-</strong></span> 
     </span>
     <span class='ocr_line' id='line_1_5' title="bbox 171 953 1065 1035; baseline 0.019 -24"><span class='ocrx_word' id='word_1_21' title='bbox 171 964 284 1030; x_wconf 77' lang='lat' dir='ltr'><strong>ctasse,</strong></span> <span class='ocrx_word' id='word_1_22' title='bbox 308 956 365 1035; x_wconf 91' lang='lat' dir='ltr'><strong>qui</strong></span> <span class='ocrx_word' id='word_1_23' title='bbox 382 955 473 1017; x_wconf 87' lang='lat' dir='ltr'><strong>cultu</strong></span> <span class='ocrx_word' id='word_1_24' title='bbox 493 953 641 1015; x_wconf 83' lang='lat' dir='ltr'><strong>Mosoico</strong></span> <span class='ocrx_word' id='word_1_25' title='bbox 664 955 775 1016; x_wconf 86' lang='lat' dir='ltr'><strong>denuo</strong></span> <span class='ocrx_word' id='word_1_26' title='bbox 798 955 956 1033; x_wconf 81' lang='lat' dir='ltr'><strong>fundsto,</strong></span> <span class='ocrx_word' id='word_1_27' title='bbox 978 983 1065 1028; x_wconf 86' lang='lat' dir='ltr'><strong>novo</strong></span> 
     </span>
     <span class='ocr_line' id='line_1_6' title="bbox 165 1062 1065 1156; baseline 0.019 -35"><span class='ocrx_word' id='word_1_28' title='bbox 165 1081 289 1145; x_wconf 83' lang='lat' dir='ltr'><strong>regno,</strong></span> <span class='ocrx_word' id='word_1_29' title='bbox 318 1087 418 1149; x_wconf 80' lang='lat' dir='ltr'><strong>neque</strong></span> <span class='ocrx_word' id='word_1_30' title='bbox 438 1067 568 1152; x_wconf 86' lang='lat' dir='ltr'><strong>potenti</strong></span> <span class='ocrx_word' id='word_1_31' title='bbox 591 1077 622 1126; x_wconf 87' lang='lat' dir='ltr'><strong>et</strong></span> <span class='ocrx_word' id='word_1_32' title='bbox 643 1062 834 1146; x_wconf 85' lang='lat' dir='ltr'><strong>splendido,</strong></span> <span class='ocrx_word' id='word_1_33' title='bbox 858 1088 897 1131; x_wconf 83' lang='lat' dir='ltr'><strong>ac</strong></span> <span class='ocrx_word' id='word_1_34' title='bbox 913 1085 1065 1156; x_wconf 81' lang='lat' dir='ltr'><strong>tempore</strong></span> 
     </span>
     <span class='ocr_line' id='line_1_7' title="bbox 166 1174 1074 1273; baseline 0.02 -39"><span class='ocrx_word' id='word_1_35' title='bbox 166 1174 328 1254; x_wconf 80' lang='lat' dir='ltr'><strong>navidis,</strong></span> <span class='ocrx_word' id='word_1_36' title='bbox 375 1181 591 1246; x_wconf 80' lang='lat' dir='ltr'><strong>fundamenta</strong></span> <span class='ocrx_word' id='word_1_37' title='bbox 630 1181 797 1258; x_wconf 75' lang='lat' dir='ltr'><strong>tacturus,</strong></span> <span class='ocrx_word' id='word_1_38' title='bbox 841 1182 1074 1273; x_wconf 76' lang='lat' dir='ltr'><strong>thronumque</strong></span> 
     </span>
     <span class='ocr_line' id='line_1_8' title="bbox 166 1287 651 1388; baseline 0.006 -35"><span class='ocrx_word' id='word_1_39' title='bbox 166 1287 267 1353; x_wconf 85' lang='lat' dir='ltr'><strong>huius</strong></span> <span class='ocrx_word' id='word_1_40' title='bbox 293 1293 335 1352; x_wconf 86' lang='lat' dir='ltr'><strong>sit</strong></span> <span class='ocrx_word' id='word_1_41' title='bbox 358 1308 584 1378; x_wconf 79' lang='lat' dir='ltr'><strong>occupaturus.</strong></span> <span class='ocrx_word' id='word_1_42' title='bbox 648 1371 651 1388; x_wconf 26' lang='grc' dir='ltr'><strong><em>μ</em></strong></span> 
     </span>
    </p>
   </div>
   <div class='ocr_carea' id='block_1_3' title="bbox 245 1543 1117 1628">
    <p class='ocr_par' dir='ltr' id='par_1_3' title="bbox 245 1543 1117 1628">
     <span class='ocr_line' id='line_1_9' title="bbox 245 1543 1117 1628; baseline 0.014 -24"><span class='ocrx_word' id='word_1_43' title='bbox 245 1543 446 1610; x_wconf 82' lang='lat' dir='ltr'><strong>Bertholdus</strong></span> <span class='ocrx_word' id='word_1_44' title='bbox 466 1566 644 1628; x_wconf 87' lang='lat' dir='ltr'><strong>perpaucos</strong></span> <span class='ocrx_word' id='word_1_45' title='bbox 665 1562 796 1610; x_wconf 84' lang='lat' dir='ltr'><strong>tantum</strong></span> <span class='ocrx_word' id='word_1_46' title='bbox 816 1549 964 1625; x_wconf 76' lang='lat' dir='ltr'><strong>Iudaeos,</strong></span> <span class='ocrx_word' id='word_1_47' title='bbox 989 1571 1059 1615; x_wconf 85' lang='lat' dir='ltr'><strong>eos·</strong></span> <span class='ocrx_word' id='word_1_48' title='bbox 1113 1579 1117 1586; x_wconf 93' lang='lat'>·</span> 
     </span>
    </p>
   </div>
   <div class='ocr_carea' id='block_1_4' title="bbox 49 1661 1057 1853">
    <p class='ocr_par' dir='ltr' id='par_1_4' title="bbox 49 1661 1057 1853">
     <span class='ocr_line' id='line_1_10' title="bbox 49 1661 1057 1743; baseline 0.006 -23"><span class='ocrx_word' id='word_1_49' title='bbox 49 1681 50 1720; x_wconf 56' lang='lat' dir='ltr'><strong>t</strong></span> <span class='ocrx_word' id='word_1_50' title='bbox 156 1675 224 1736; x_wconf 82' lang='lat' dir='ltr'><strong>qus</strong></span> <span class='ocrx_word' id='word_1_51' title='bbox 255 1661 305 1721; x_wconf 87' lang='lat' dir='ltr'><strong>vel</strong></span> <span class='ocrx_word' id='word_1_52' title='bbox 334 1663 438 1743; x_wconf 84' lang='lat' dir='ltr'><strong>magis</strong></span> <span class='ocrx_word' id='word_1_53' title='bbox 464 1662 536 1742; x_wconf 88' lang='lat' dir='ltr'><strong>pios</strong></span> <span class='ocrx_word' id='word_1_54' title='bbox 557 1661 608 1719; x_wconf 86' lang='lat' dir='ltr'><strong>vel</strong></span> <span class='ocrx_word' id='word_1_55' title='bbox 636 1662 866 1742; x_wconf 82' lang='lat' dir='ltr'>sapientiores,</span> <span class='ocrx_word' id='word_1_56' title='bbox 901 1663 1057 1727; x_wconf 77' lang='lat' dir='ltr'><strong>Messinm</strong></span> 
     </span>
     <span class='ocr_line' id='line_1_11' title="bbox 49 1768 1056 1853; baseline 0.01 -26"><span class='ocrx_word' id='word_1_57' title='bbox 49 1803 50 1806; x_wconf 60' lang='lat'><em>=</em></span> <span class='ocrx_word' id='word_1_58' title='bbox 156 1768 284 1831; x_wconf 86' lang='lat' dir='ltr'><strong>cultum</strong></span> <span class='ocrx_word' id='word_1_59' title='bbox 296 1793 422 1853; x_wconf 83' lang='lat' dir='ltr'><strong>quoquc</strong></span> <span class='ocrx_word' id='word_1_60' title='bbox 436 1771 532 1832; x_wconf 83' lang='lat' dir='ltr'><strong>Iovae</strong></span> <span class='ocrx_word' id='word_1_61' title='bbox 548 1773 776 1832; x_wconf 83' lang='lat' dir='ltr'><strong>restituturum</strong></span> <span class='ocrx_word' id='word_1_62' title='bbox 791 1777 952 1850; x_wconf 84' lang='lat' dir='ltr'><strong>putavisse</strong></span> <span class='ocrx_word' id='word_1_63' title='bbox 967 1774 1056 1837; x_wconf 76' lang='lat' dir='ltr'><strong>affir-</strong></span> 
     </span>
    </p>
   </div>
   <div class='ocr_carea' id='block_1_5' title="bbox 153 1867 1056 1963">
    <p class='ocr_par' dir='ltr' id='par_1_5' title="bbox 153 1867 1056 1963">
     <span class='ocr_line' id='line_1_12' title="bbox 153 1867 1056 1963; baseline 0.009 -22"><span class='ocrx_word' id='word_1_64' title='bbox 153 1895 240 1957; x_wconf 85' lang='lat' dir='ltr'>mat,</span> <span class='ocrx_word' id='word_1_65' title='bbox 269 1903 365 1962; x_wconf 83' lang='lat' dir='ltr'><strong>qunm</strong></span> <span class='ocrx_word' id='word_1_66' title='bbox 387 1867 522 1963; x_wconf 87' lang='lat' dir='ltr'><strong>quidem</strong></span> <span class='ocrx_word' id='word_1_67' title='bbox 543 1899 635 1961; x_wconf 84' lang='lat' dir='ltr'><strong>spem</strong></span> <span class='ocrx_word' id='word_1_68' title='bbox 657 1883 759 1942; x_wconf 88' lang='lat' dir='ltr'><strong>totius</strong></span> <span class='ocrx_word' id='word_1_69' title='bbox 781 1883 849 1962; x_wconf 89' lang='lat' dir='ltr'><strong>spei</strong></span> <span class='ocrx_word' id='word_1_70' title='bbox 870 1883 1056 1948; x_wconf 80' lang='lat' dir='ltr'><strong>Messienac</strong></span> 
     </span>
    </p>
   </div>
   <div class='ocr_carea' id='block_1_6' title="bbox 49 1992 1053 2414">
    <p class='ocr_par' dir='ltr' id='par_1_6' title="bbox 49 1992 1053 2414">
     <span class='ocr_line' id='line_1_13' title="bbox 49 1992 1053 2078; baseline 0.002 -23"><span class='ocrx_word' id='word_1_71' title='bbox 49 2013 51 2078; x_wconf 54' lang='grc' dir='ltr'><strong><em>ζ</em></strong></span> <span class='ocrx_word' id='word_1_72' title='bbox 152 2007 281 2074; x_wconf 77' lang='lat' dir='ltr'><strong>portem</strong></span> <span class='ocrx_word' id='word_1_73' title='bbox 302 1992 408 2055; x_wconf 83' lang='lat' dir='ltr'><strong>habeo</strong></span> <span class='ocrx_word' id='word_1_74' title='bbox 430 1993 660 2065; x_wconf 80' lang='lat' dir='ltr'><strong>necessariam,</strong></span> <span class='ocrx_word' id='word_1_75' title='bbox 685 2025 724 2038; x_wconf 91' lang='lat'><strong>-·-</strong></span> <span class='ocrx_word' id='word_1_76' title='bbox 749 2011 889 2074; x_wconf 86' lang='lat' dir='ltr'><strong>cosque,</strong></span> <span class='ocrx_word' id='word_1_77' title='bbox 913 2008 1053 2063; x_wconf 80' lang='lat' dir='ltr'><strong>conten·</strong></span> 
     </span>
     <span class='ocr_line' id='line_1_14' title="bbox 49 2101 1051 2192; baseline 0.002 -27"><span class='ocrx_word' id='word_1_78' title='bbox 49 2141 50 2146; x_wconf 22' lang='grc' dir='ltr'><strong><em>κ</em></strong></span> <span class='ocrx_word' id='word_1_79' title='bbox 156 2105 220 2182; x_wconf 88' lang='lat' dir='ltr'><strong>dit,</strong></span> <span class='ocrx_word' id='word_1_80' title='bbox 245 2107 401 2168; x_wconf 84' lang='lat' dir='ltr'><strong>Messinm</strong></span> <span class='ocrx_word' id='word_1_81' title='bbox 421 2106 529 2189; x_wconf 84' lang='lat' dir='ltr'><strong>legem</strong></span> <span class='ocrx_word' id='word_1_82' title='bbox 550 2101 730 2165; x_wconf 79' lang='lat' dir='ltr'><strong>Mosricom</strong></span> <span class='ocrx_word' id='word_1_83' title='bbox 754 2117 958 2168; x_wconf 81' lang='lat' dir='ltr'><strong>mutaturum</strong></span> <span class='ocrx_word' id='word_1_84' title='bbox 979 2129 1051 2192; x_wconf 73' lang='lat' dir='ltr'><strong>spe-</strong></span> 
     </span>
     <span class='ocr_line' id='line_1_15' title="bbox 49 2217 1047 2308; baseline 0.001 -30"><span class='ocrx_word' id='word_1_85' title='bbox 49 2249 51 2252; x_wconf 95' lang='lat'>·</span> <span class='ocrx_word' id='word_1_86' title='bbox 150 2220 287 2297; x_wconf 64' lang='lat' dir='ltr'><strong>ravisse‘,</strong></span> <span class='ocrx_word' id='word_1_87' title='bbox 311 2255 351 2266; x_wconf 87' lang='lat'>-</span> <span class='ocrx_word' id='word_1_88' title='bbox 373 2218 462 2302; x_wconf 88' lang='lat' dir='ltr'><strong>quod</strong></span> <span class='ocrx_word' id='word_1_89' title='bbox 482 2231 593 2279; x_wconf 81' lang='lat' dir='ltr'><strong>temen</strong></span> <span class='ocrx_word' id='word_1_90' title='bbox 613 2217 695 2278; x_wconf 89' lang='lat' dir='ltr'><strong>locis</strong></span> <span class='ocrx_word' id='word_1_91' title='bbox 717 2219 820 2281; x_wconf 86' lang='lat' dir='ltr'><strong>Marc.</strong></span> <span class='ocrx_word' id='word_1_92' title='bbox 835 2231 875 2293; x_wconf 80' lang='lat'><strong>2,</strong></span> <span class='ocrx_word' id='word_1_93' title='bbox 897 2227 950 2296; x_wconf 78' lang='lat'><strong>28.</strong></span> <span class='ocrx_word' id='word_1_94' title='bbox 997 2238 1047 2308; x_wconf 82' lang='lat'><strong>13,</strong></span> 
     </span>
     <span class='ocr_line' id='line_1_16' title="bbox 49 2329 1049 2414; baseline -0.006 -15"><span class='ocrx_word' id='word_1_95' title='bbox 49 2351 50 2356; x_wconf 76' lang='grc'>’</span> <span class='ocrx_word' id='word_1_96' title='bbox 153 2351 180 2398; x_wconf 87' lang='lat'><strong>1.</strong></span> <span class='ocrx_word' id='word_1_97' title='bbox 204 2349 234 2398; x_wconf 78' lang='lat'><strong>2.</strong></span> <span class='ocrx_word' id='word_1_98' title='bbox 257 2337 398 2397; x_wconf 86' lang='lat' dir='ltr'><strong>minime</strong></span> <span class='ocrx_word' id='word_1_99' title='bbox 425 2331 589 2414; x_wconf 82' lang='lat' dir='ltr'><strong>probetur.</strong></span> <span class='ocrx_word' id='word_1_100' title='bbox 653 2329 792 2393; x_wconf 81' lang='lat' dir='ltr'><strong>Etiamsi</strong></span> <span class='ocrx_word' id='word_1_101' title='bbox 817 2331 952 2393; x_wconf 77' lang='lat' dir='ltr'><strong>fortasse</strong></span> <span class='ocrx_word' id='word_1_102' title='bbox 978 2333 1049 2394; x_wconf 88' lang='lat' dir='ltr'><strong>fue·</strong></span> 
     </span>
    </p>
   </div>
   <div class='ocr_carea' id='block_1_7' title="bbox 148 2443 1047 2528">
    <p class='ocr_par' dir='ltr' id='par_1_7' title="bbox 148 2443 1047 2528">
     <span class='ocr_line' id='line_1_17' title="bbox 148 2443 1047 2528; baseline -0.001 -20"><span class='ocrx_word' id='word_1_103' title='bbox 148 2451 218 2510; x_wconf 76' lang='lat' dir='ltr'><strong>rint</strong></span> <span class='ocrx_word' id='word_1_104' title='bbox 245 2447 420 2522; x_wconf 88' lang='lat' dir='ltr'><strong>nonnulli,</strong></span> <span class='ocrx_word' id='word_1_105' title='bbox 466 2446 523 2525; x_wconf 91' lang='lat' dir='ltr'><strong>qui</strong></span> <span class='ocrx_word' id='word_1_106' title='bbox 552 2443 627 2505; x_wconf 80' lang='lat' dir='ltr'><strong>talia</strong></span> <span class='ocrx_word' id='word_1_107' title='bbox 656 2457 842 2524; x_wconf 83' lang='lat' dir='ltr'><strong>sperarent,</strong></span> <span class='ocrx_word' id='word_1_108' title='bbox 876 2445 1047 2528; x_wconf 79' lang='lat' dir='ltr'><strong>vulgarem</strong></span> 
     </span>
    </p>
   </div>
   <div class='ocr_carea' id='block_1_8' title="bbox 49 2545 1046 2637">
    <p class='ocr_par' dir='ltr' id='par_1_8' title="bbox 49 2545 1046 2637">
     <span class='ocr_line' id='line_1_18' title="bbox 49 2545 1046 2637; baseline -0.005 -17"><span class='ocrx_word' id='word_1_109' title='bbox 49 2545 51 2580; x_wconf 67' lang='lat'>³</span> <span class='ocrx_word' id='word_1_110' title='bbox 145 2559 343 2620; x_wconf 82' lang='lat' dir='ltr'><strong>Iudaeorum</strong></span> <span class='ocrx_word' id='word_1_111' title='bbox 367 2557 563 2636; x_wconf 89' lang='lat' dir='ltr'><strong>opinionem</strong></span> <span class='ocrx_word' id='word_1_112' title='bbox 585 2587 627 2600; x_wconf 95' lang='lat'><em>-</em></span> <span class='ocrx_word' id='word_1_113' title='bbox 649 2554 690 2614; x_wconf 82' lang='lat' dir='ltr'><strong>de</strong></span> <span class='ocrx_word' id='word_1_114' title='bbox 711 2575 773 2635; x_wconf 82' lang='lat' dir='ltr'><strong>qua</strong></span> <span class='ocrx_word' id='word_1_115' title='bbox 795 2555 852 2617; x_wconf 92' lang='lat' dir='ltr'><strong>hic</strong></span> <span class='ocrx_word' id='word_1_116' title='bbox 873 2559 981 2637; x_wconf 75' lang='lat' dir='ltr'><strong>egitur</strong></span> <span class='ocrx_word' id='word_1_117' title='bbox 1004 2591 1046 2602; x_wconf 93' lang='lat'><strong>-·</strong></span> 
     </span>
    </p>
   </div>
   <div class='ocr_carea' id='block_1_9' title="bbox 145 2666 1045 2764">
    <p class='ocr_par' dir='ltr' id='par_1_9' title="bbox 145 2666 1045 2764">
     <span class='ocr_line' id='line_1_19' title="bbox 145 2666 1045 2764; baseline -0.009 -30"><span class='ocrx_word' id='word_1_118' title='bbox 145 2674 245 2738; x_wconf 78' lang='lat' dir='ltr'><strong>aliam</strong></span> <span class='ocrx_word' id='word_1_119' title='bbox 264 2669 374 2764; x_wconf 70' lang='lat' dir='ltr'><strong>fuisse,</strong></span> <span class='ocrx_word' id='word_1_120' title='bbox 398 2687 437 2726; x_wconf 84' lang='lat' dir='ltr'><strong>ex</strong></span> <span class='ocrx_word' id='word_1_121' title='bbox 461 2684 498 2726; x_wconf 85' lang='lat' dir='ltr'><strong>en</strong></span> <span class='ocrx_word' id='word_1_122' title='bbox 519 2676 645 2745; x_wconf 81' lang='lat' dir='ltr'><strong>quoque</strong></span> <span class='ocrx_word' id='word_1_123' title='bbox 667 2679 800 2746; x_wconf 84' lang='lat' dir='ltr'><strong>apparet</strong></span> <span class='ocrx_word' id='word_1_124' title='bbox 821 2666 959 2743; x_wconf 81' lang='lat' dir='ltr'><strong>ratione,</strong></span> <span class='ocrx_word' id='word_1_125' title='bbox 982 2689 1045 2750; x_wconf 82' lang='lat' dir='ltr'><strong>qua</strong></span> 
     </span>
    </p>
   </div>
   <div class='ocr_carea' id='block_1_10' title="bbox 49 2761 1041 2844">
    <p class='ocr_par' dir='ltr' id='par_1_10' title="bbox 49 2761 1041 2844">
     <span class='ocr_line' id='line_1_20' title="bbox 49 2761 1041 2844; baseline -0.003 1"><span class='ocrx_word' id='word_1_126' title='bbox 49 2761 51 2780; x_wconf 38' lang='lat'>¹</span> <span class='ocrx_word' id='word_1_127' title='bbox 142 2784 234 2844; x_wconf 86' lang='lat' dir='ltr'><strong>Iesus</strong></span> <span class='ocrx_word' id='word_1_128' title='bbox 267 2781 393 2842; x_wconf 80' lang='lat' dir='ltr'><strong>animos</strong></span> <span class='ocrx_word' id='word_1_129' title='bbox 424 2774 624 2840; x_wconf 85' lang='lat' dir='ltr'><strong>Iudaeorum</strong></span> <span class='ocrx_word' id='word_1_130' title='bbox 661 2778 703 2840; x_wconf 84' lang='lat' dir='ltr'><strong>ad</strong></span> <span class='ocrx_word' id='word_1_131' title='bbox 734 2778 921 2839; x_wconf 86' lang='lat' dir='ltr'><strong>doctrinam</strong></span> <span class='ocrx_word' id='word_1_132' title='bbox 950 2800 1041 2843; x_wconf 84' lang='lat' dir='ltr'><strong>suom</strong></span> 
     </span>
    </p>
   </div>
   <div class='ocr_carea' id='block_1_11' title="bbox 142 2890 1041 2974">
    <p class='ocr_par' dir='ltr' id='par_1_11' title="bbox 142 2890 1041 2974">
     <span class='ocr_line' id='line_1_21' title="bbox 142 2890 1041 2974; baseline -0.004 -16"><span class='ocrx_word' id='word_1_133' title='bbox 142 2890 377 2958; x_wconf 80' lang='lat' dir='ltr'><strong>admittendam</strong></span> <span class='ocrx_word' id='word_1_134' title='bbox 404 2891 619 2974; x_wconf 81' lang='lat' dir='ltr'><strong>procliviores</strong></span> <span class='ocrx_word' id='word_1_135' title='bbox 648 2891 758 2952; x_wconf 81' lang='lat' dir='ltr'><strong>facere</strong></span> <span class='ocrx_word' id='word_1_136' title='bbox 787 2891 1041 2971; x_wconf 74' lang='lat' dir='ltr'><strong>conabatur¹⁸l.</strong></span> 
     </span>
    </p>
   </div>
   <div class='ocr_carea' id='block_1_12' title="bbox 148 3151 432 3172">
    <p class='ocr_par' dir='ltr' id='par_1_12' title="bbox 148 3151 432 3172">
     <span class='ocr_line' id='line_1_22' title="bbox 148 3151 432 3172; baseline -0.004 -3"><span class='ocrx_word' id='word_1_137' title='bbox 148 3151 432 3172; x_wconf 49' lang='lat' dir='ltr'><strong>m</strong></span> 
     </span>
    </p>
   </div>
   <div class='ocr_carea' id='block_1_13' title="bbox 49 3267 1058 3741">
    <p class='ocr_par' dir='ltr' id='par_1_13' title="bbox 174 3267 1058 3540">
     <span class='ocr_line' id='line_1_23' title="bbox 174 3267 1036 3344; baseline -0.015 -16"><span class='ocrx_word' id='word_1_138' title='bbox 174 3276 218 3344; x_wconf 80' lang='lat'><strong>13)</strong></span> <span class='ocrx_word' id='word_1_139' title='bbox 234 3275 393 3327; x_wconf 81' lang='lat' dir='ltr'><strong>Doctrinae</strong></span> <span class='ocrx_word' id='word_1_140' title='bbox 410 3271 488 3324; x_wconf 84' lang='lat' dir='ltr'><strong>euim</strong></span> <span class='ocrx_word' id='word_1_141' title='bbox 504 3269 655 3324; x_wconf 81' lang='lat' dir='ltr'><strong>Mosaicae</strong></span> <span class='ocrx_word' id='word_1_142' title='bbox 672 3285 706 3322; x_wconf 83' lang='lat' dir='ltr'><strong>se</strong></span> <span class='ocrx_word' id='word_1_143' title='bbox 719 3267 841 3320; x_wconf 87' lang='lat' dir='ltr'><strong>minime</strong></span> <span class='ocrx_word' id='word_1_144' title='bbox 859 3272 1036 3327; x_wconf 68' lang='lat' dir='ltr'><strong>exstitero.</strong></span> 
     </span>
     <span class='ocr_line' id='line_1_24' title="bbox 238 3357 1058 3439; baseline 0 -15"><span class='ocrx_word' id='word_1_145' title='bbox 238 3371 369 3438; x_wconf 87' lang='lat' dir='ltr'><strong>imicum,</strong></span> <span class='ocrx_word' id='word_1_146' title='bbox 386 3373 483 3423; x_wconf 85' lang='lat' dir='ltr'><strong>Iesum</strong></span> <span class='ocrx_word' id='word_1_147' title='bbox 499 3365 586 3419; x_wconf 85' lang='lat' dir='ltr'><strong>initio</strong></span> <span class='ocrx_word' id='word_1_148' title='bbox 603 3365 735 3418; x_wconf 81' lang='lat' dir='ltr'><strong>innuisse</strong></span> <span class='ocrx_word' id='word_1_149' title='bbox 746 3373 834 3434; x_wconf 83' lang='lat' dir='ltr'><strong>etque</strong></span> <span class='ocrx_word' id='word_1_150' title='bbox 848 3365 919 3420; x_wconf 78' lang='lat' dir='ltr'><strong>adeo</strong></span> <span class='ocrx_word' id='word_1_151' title='bbox 933 3378 1035 3439; x_wconf 74' lang='lat' dir='ltr'><strong>aperte</strong></span> <span class='ocrx_word' id='word_1_152' title='bbox 1051 3357 1058 3375; x_wconf 86' lang='grc'>’</span> 
     </span>
     <span class='ocr_line' id='line_1_25' title="bbox 236 3461 1034 3540; baseline 0.001 -21"><span class='ocrx_word' id='word_1_153' title='bbox 236 3469 402 3540; x_wconf 81' lang='lat' dir='ltr'><strong>professum</strong></span> <span class='ocrx_word' id='word_1_154' title='bbox 419 3482 481 3518; x_wconf 87' lang='lat' dir='ltr'><strong>esse</strong></span> <span class='ocrx_word' id='word_1_155' title='bbox 498 3463 634 3518; x_wconf 84' lang='lat' dir='ltr'><strong>videmus.</strong></span> <span class='ocrx_word' id='word_1_156' title='bbox 654 3463 692 3518; x_wconf 82' lang='lat' dir='ltr'><strong>cf.</strong></span> <span class='ocrx_word' id='word_1_157' title='bbox 704 3461 797 3516; x_wconf 70' lang='lat' dir='ltr'><strong>Maon</strong></span> <span class='ocrx_word' id='word_1_158' title='bbox 804 3476 830 3529; x_wconf 82' lang='lat'><strong>5,</strong></span> <span class='ocrx_word' id='word_1_159' title='bbox 849 3479 901 3534; x_wconf 66' lang='lat' dir='ltr'><strong>tp,</strong></span> <span class='ocrx_word' id='word_1_160' title='bbox 916 3462 952 3516; x_wconf 89' lang='lat' dir='ltr'><strong>dc</strong></span> <span class='ocrx_word' id='word_1_161' title='bbox 963 3481 1034 3521; x_wconf 80' lang='lat' dir='ltr'><strong>vere</strong></span> 
     </span>
    </p>

    <p class='ocr_par' dir='ltr' id='par_1_14' title="bbox 49 3556 1033 3741">
     <span class='ocr_line' id='line_1_26' title="bbox 49 3556 1033 3638; baseline -0.008 -20"><span class='ocrx_word' id='word_1_162' title='bbox 49 3627 51 3638; x_wconf 41' lang='grc' dir='ltr'>Ι</span> <span class='ocrx_word' id='word_1_163' title='bbox 145 3587 147 3594; x_wconf 55' lang='lat'>&gt;</span> <span class='ocrx_word' id='word_1_164' title='bbox 238 3563 389 3616; x_wconf 81' lang='lat' dir='ltr'><strong>doctrinae</strong></span> <span class='ocrx_word' id='word_1_165' title='bbox 412 3577 480 3614; x_wconf 80' lang='lat' dir='ltr'><strong>suae</strong></span> <span class='ocrx_word' id='word_1_166' title='bbox 503 3559 603 3613; x_wconf 83' lang='lat' dir='ltr'><strong>indole</strong></span> <span class='ocrx_word' id='word_1_167' title='bbox 619 3560 679 3612; x_wconf 84' lang='lat' dir='ltr'><strong>inm</strong></span> <span class='ocrx_word' id='word_1_168' title='bbox 697 3559 734 3610; x_wconf 83' lang='lat' dir='ltr'><strong>ab</strong></span> <span class='ocrx_word' id='word_1_169' title='bbox 750 3556 838 3612; x_wconf 87' lang='lat' dir='ltr'><strong>initio</strong></span> <span class='ocrx_word' id='word_1_170' title='bbox 856 3570 958 3632; x_wconf 81' lang='lat' dir='ltr'><strong>aperte</strong></span> <span class='ocrx_word' id='word_1_171' title='bbox 974 3563 1033 3618; x_wconf 80' lang='lat' dir='ltr'><strong>dis.</strong></span> 
     </span>
     <span class='ocr_line' id='line_1_27' title="bbox 49 3657 1030 3741; baseline -0.002 -27"><span class='ocrx_word' id='word_1_172' title='bbox 49 3661 51 3674; x_wconf 93' lang='lat'>&#39;</span> <span class='ocrx_word' id='word_1_173' title='bbox 142 3683 144 3690; x_wconf 69' lang='lat'><em>,</em></span> <span class='ocrx_word' id='word_1_174' title='bbox 235 3676 332 3714; x_wconf 83' lang='lat' dir='ltr'><strong>serere</strong></span> <span class='ocrx_word' id='word_1_175' title='bbox 349 3661 496 3733; x_wconf 83' lang='lat' dir='ltr'><strong>sapienter</strong></span> <span class='ocrx_word' id='word_1_176' title='bbox 512 3659 702 3716; x_wconf 77' lang='lat' dir='ltr'><strong>dubitantem.</strong></span> <span class='ocrx_word' id='word_1_177' title='bbox 749 3657 847 3728; x_wconf 73' lang='lat' dir='ltr'><strong>Quare</strong></span> <span class='ocrx_word' id='word_1_178' title='bbox 869 3657 1030 3741; x_wconf 86' lang='lat' dir='ltr'><strong>discipulos</strong></span> 
     </span>
    </p>
   </div>
   <div class='ocr_carea' id='block_1_14' title="bbox 852 3768 877 3823">
    <p class='ocr_par' dir='ltr' id='par_1_15' title="bbox 852 3768 877 3823">
     <span class='ocr_line' id='line_1_28' title="bbox 852 3768 877 3823; baseline 0 0"><span class='ocrx_word' id='word_1_179' title='bbox 852 3768 877 3823; x_wconf 80' lang='lat'>2</span> 
     </span>
    </p>
   </div>
   <div class='ocr_carea' id='block_1_15' title="bbox 0 0 1464 4684">
    <p class='ocr_par' dir='ltr' id='par_1_16' title="bbox 0 0 1464 4684">
     <span class='ocr_line' id='line_1_29' title="bbox 0 0 1464 4684; baseline 0 8"><span class='ocrx_word' id='word_1_180' title='bbox 0 0 1464 4684; x_wconf 95' lang='lat' dir='ltr'><strong> </strong></span> 
     </span>
    </p>
   </div>
  </div>
 </body>
</html>
