2917 4684
498 507 733 579 μηδι-

244 711 279 762 ¹1.
303 696 379 758 Iesu
394 692 553 770 doctrina,
578 693 734 756 omnibus
754 693 859 756 foedis
872 694 953 770 istis,
975 714 1057 776 quae

165 811 248 877 Π.
271 809 464 885 inhaerent,
488 819 642 890 purgata,
664 807 884 870 nihilominus
906 807 956 868 nil
977 827 1058 868 oon-

165 929 248 990 onst
268 945 288 986 a
310 921 390 984 ΜΤ.
413 922 594 1001 praeceptis
619 937 749 1002 prorsus
772 919 935 995 alienum,
973 922 1057 1000 opti.

164 1058 220 1100 ma
249 1039 364 1100 veteris
395 1031 564 1097 doctrinae
592 1035 764 1109 retinens,
803 1048 948 1112 quaeque
964 1031 1058 1094 ,haee

164 1154 271 1215 obiter
291 1163 420 1212 tantum
441 1150 606 1230 tetigerat,
636 1147 741 1206 fusius
762 1164 858 1225 saepe
881 1163 1057 1224 exponens,

163 1285 310 1350 quaeque
330 1282 481 1344 perversa
513 1275 668 1338 tanquam
697 1277 859 1321 summam
887 1255 1057 1319 doctrinae

162 1384 352 1452 iactaverat,
379 1375 490 1460 'legem
510 1375 646 1455 inquam
668 1373 943 1443 ceremonialem,
965 1391 1058 1453 pror*

165 1512 217 1553 sus
245 1491 413 1572 abrogans.
478 1487 550 1549 Iam
579 1505 673 1562 vero,
696 1485 773 1566 quia
793 1484 936 1564 purioris
958 1482 1056 1544 huius
1100 1553 1102 1557 ,

161 1603 332 1666 doctrinae
367 1604 406 1664 in
427 1600 665 1680 Prophetarum
692 1594 869 1673 praecipue
889 1593 982 1653 libris
1004 1612 1058 1653 ve·

161 1715 259 1797 stigio
277 1713 398 1790 latent,
421 1727 474 1784 ut,
505 1707 605 1769 veluti
626 1707 705 1786 ipsis
726 1702 913 1786 Prophetis,
942 1703 1058 1765 Iudaei

161 1827 221 1888 illa
245 1826 492 1893 imbuerentur,
522 1839 635 1899 scopus
666 1830 737 1877 erat
755 1817 833 1878 Iesu
857 1817 990 1895 eiusque
1010 1816 1058 1874 le·

163 1952 322 2022 gatorum.
387 1936 473 1996 Nam
495 1934 540 1993 sic
565 1951 603 1992 eo
624 1929 754 1992 facilius
776 1931 935 2000 unicum,
971 1923 1058 2007 quod

161 2030 226 2114 sibi
247 2059 459 2133 proposuerat
480 2046 589 2118 Iesus,
618 2041 811 2116 consilium,
833 2061 940 2103 mores
961 2058 1057 2101 nem·

160 2185 202 2248 pe
224 2163 431 2246 popularium
455 2153 667 2232 emendandi,
688 2166 884 2240 sanctaeque
900 2154 983 2216 vitae
1004 2170 1057 2214 ra-

160 2283 290 2344 tionem
310 2281 396 2358 ipsos
418 2266 597 2354 etlpcendi,
634 2268 787 2345 consequi
806 2278 946 2345 poterat,
982 2265 1059 2344 quia

161 2393 401 2475 Prophetarum
432 2388 636 2464 aliorumque
670 2377 791 2456 scripte
820 2395 858 2435 ss.
888 2373 983 2436 effata
1004 2376 1058 2436 Iu·

161 2508 316 2570 daeorum
338 2525 358 2566 a
378 2502 497 2564 teneris
525 2499 592 2558 iam
614 2492 780 2555 inculcata
802 2499 896 2549 erant
917 2492 1055 2563 arimin

161 2625 218 2705 qui
238 2635 350 2682 tamen
365 2615 508 2698 oppressi
529 2609 636 2670 adhuc
657 2603 854 2664 tenebantur
875 2614 949 2661 ταις
970 2598 1057 2663 ἐντο-

160 2737 238 2799 lats
257 2748 319 2795 του
338 2745 452 2805 νομου.
508 2721 635 2802 Quibus
663 2728 701 2776 ut
720 2714 857 2776 tandem
877 2712 1054 2795 aliquando

161 2848 382 2910 liberarentur
401 2839 514 2904 foedae
526 2829 687 2896 servitutis
699 2829 852 2903 vinculis,
874 2824 940 2886 hoc
956 2825 1057 2886 etiam

162 2958 352 3022 doctoribus
375 2947 568 3030 Christianis
599 2956 668 3006 erat
688 2939 872 3026 agendum,
910 2951 948 3001 ut
968 2937 1057 3020 leges

162 3067 399 3138 ceremoniales
413 3062 681 3135 emendarentur,
697 3057 951 3127 illustrarentur,
966 3068 1057 3130 pror-

162 3197 216 3240 sus
244 3182 325 3242 adeo
356 3180 557 3240 tollerentur.
623 3173 729 3251 Atque
756 3168 816 3226 has
847 3179 991 3243 quoque,
1018 3161 1058 3220 in

162 3292 340 3376 synagogis
354 3284 707 3373 saepissimerecitatas,
715 3270 1058 3354 Iudaeorumqueani-

179 3507 464 3530 m

263 3631 394 3700 buerint,
412 3615 650 3700 distinguendum
666 3637 727 3677 nou
741 3619 807 3675 erlt.
826 3619 956 3674 Cunctae
966 3617 1060 3671 Even-

263 3728 437 3800 gslistarum
455 3733 523 3778 sunt
538 3720 697 3780 habendae.
