2917 4684
1046 431 1511 506 ..29-

369 616 686 678 maiorem
742 626 972 675 tamen
1031 611 1493 682 difficultatem
1562 612 1875 678 exhibent
1935 619 2159 682 verba:

374 722 421 788 ὁ
465 725 666 807 duros
729 745 856 790 του
911 727 1085 791 ἓεου
1139 759 1225 774 -
1298 727 1532 806 quibus
1589 727 1685 788 Io.
1736 731 1811 793 B.
1879 729 1961 793 ad
2015 732 2167 799 Iesu

372 855 676 904 mortem.
697 843 1120 924 expiator-iam
1145 843 1499 923 respexisse
1528 841 1787 904 videtur
1798 851 1835 895 Β
1851 853 1877 885 ²
1883 857 1927 923 j.
1980 845 2167 909 Hinc

371 969 600 1017 autem
645 957 969 1030 minime,
1035 955 1349 1030 Iudaeos,
1405 955 1677 1014 Ioannis
1724 957 1793 1018 B.
1844 964 2163 1041 aequales,

371 1067 557 1130 idem
614 1071 751 1131 iam
795 1068 1109 1129 habuisse
1154 1068 1236 1130 de
1283 1064 1528 1128 Messia
1571 1067 1822 1149 dogma,
1877 1086 1987 1132 aut
2042 1073 2171 1136 hoc

371 1181 599 1260 ipsum
644 1201 792 1245 vere
832 1178 1181 1244 Iudaicum
1219 1181 1452 1259 fuisse,
1495 1180 1562 1243 h.
1608 1201 1666 1245 o.
1711 1180 1972 1246 Iudaeis
2019 1200 2170 1247 ante

377 1289 719 1356 Christum
776 1316 924 1358 non
979 1297 1324 1378 ignotum,
1411 1295 1601 1374 sequi
1655 1295 1828 1358 mihi
1889 1298 2169 1363 videtur.

377 1404 813 1472 Scaeudlinus
857 1410 900 1472 1.
943 1408 986 1470 l.
1033 1409 1129 1470 sic
1153 1409 1419 1490 quidem
1455 1424 1977 1492 argumentatur:
2020 1433 2173 1494 per-

371 1522 606 1584 multis
653 1543 906 1600 corum,
952 1524 1070 1604 qui
1111 1524 1386 1587 Ioannis
1429 1526 1681 1587 fuerint
1722 1522 2009 1600 sodales,
2054 1524 2173 1586 Es-

376 1637 544 1701 eneis
605 1655 882 1718 nempe,
942 1635 1283 1699 notionem
1335 1637 1521 1698 illam
1573 1635 1887 1713 Messiae‚
1956 1651 2172 1700 morte

376 1767 498 1812 sua
537 1762 804 1829 peccata
844 1741 1198 1809 hominum
1241 1749 1637 1824 auferentis,
1681 1760 1909 1809 notam
1949 1749 2173 1824 fuisso,

381 1895 466 1908 —-
523 1860 800 1922 Iudaeos
855 1860 1062 1941 igitur
1114 1877 1255 1919 non
1304 1877 1572 1939 -prorsus
1626 1876 1773 1920 eam
1816 1859 2173 1940 ignorasse.

378 1974 535 2039 Hoc
575 1987 797 2036 tamen
841 1972 948 2032 vix
989 1990 1066 2033 ac
1104 1991 1192 2033 ne
1255 1972 1361 2032 vix
1405 1968 1690 2053 quidem-
1715 1970 1878 2032 inde
1905 1960 2173 2036 conclu-

387 2085 462 2150 di
502 2107 687 2170 posse
747 2084 1132 2167 putaverim.
1209 2083 1404 2146 Unde
1462 2099 1681 2145 autem
1727 2082 1969 2147 Ioanni
2009 2085 2177 2169 Bap-

383 2200 576 2260 tistae
631 2198 747 2260 illa
802 2198 987 2263 notio.
1038 2200 1327 2272 venerit,
1395 2198 1506 2278 qui
1550 2217 1704 2258 cum
1753 2196 2175 2280 Gablero²³)

384 2312 771 2392 interrogat,
813 2311 979 2374 haec
1019 2309 1450 2392 respondeas:
1494 2330 1726 2372 nonne
1746 2323 2048 2390 parentes
2078 2311 2181 2371 Ie·

389 2443 468 2484 su
510 2424 904 2505 Ioannisque
948 2426 1152 2492 amici
1194 2433 1383 2485 erant
1428 2434 1493 2482 et
1542 2423 1850 2505 cognati?
1898 2443 2017 2484 cur
2061 2446 2181 2488 ne-

389 2554 528 2616 gas,
578 2536 747 2616 quod
793 2536 1065 2617 probare
1107 2555 1448 2618 nunquam
1491 2536 1766 2615 poteris,
1814 2535 2035 2596 Iesum
2078 2535 2180 2594 Io·-

393 2639 583 2707 annis
641 2647 1085 2708 familiaritate
1143 2659 1467 2721 utentem,
1546 2663 1701 2705 cum
1740 2644 1980 2706 eodem
2025 2665 2183 2708 con-

389 2759 616 2821 silium
657 2777 858 2820 suum
905 2757 1469 2827 communicasse?
1505 2757 1637 2839 ²⁴).
1725 2757 1976 2820 Nonne
2007 2759 2188 2820 veri-
